3008 4960
177 571 180 578 .
279 580 282 586 ,
310 507 355 572 ’18
593 485 888 567 stSALLUSTI
913 495 1078 572 uulsrl

277 675 477 762 '·huccinc‚
509 671 657 766 Micipse
687 645 804 768 puter,
836 675 1004 770 beneficis
1036 683 1097 746 tua
1121 697 1281 770 evasere„
1302 677 1361 769 uti,

314 843 416 912 quem
440 829 478 888 tu
502 841 624 912 parem
650 841 728 888 eum
748 820 862 890 tiberis
887 822 953 891 tuis
972 823 1138 920 regnique
1159 823 1362 932 participem
1418 865 1421 870 ·

313 967 440 1056 fecisti,
479 965 508 1034 ie
544 966 770 1058 potissumum
809 967 922 1060 stirpis
961 975 1040 1038 tuae
1080 969 1279 1038 exstinctor·
1296 929 1389 1039 sit?¹

234 1185 237 1192 ,
313 1115 508 1202 Numquam
530 1129 615 1203 ergo
640 1111 767 1180 familie
791 1119 906 1180 nostre
931 1114 1047 1204 quiete
1072 1113 1159 1182 erit?
1184 1135 1363 1205 semperne

267 1259 349 1330 min
375 1255 556 1349 sanguiue,
580 1255 692 1364 ¹ferro,
717 1225 803 1360 fuge
828 1256 1064 1328 versabimur?
1097 1257 1191 1327 Dum
1217 1257 1364 1328 Carthe-
1397 1355 1398 1358 Ἴ

161 1543 163 1550 Ι
285 1461 287 1466 ’
313 1451 392 1546 Quod
411 1491 463 1528 ,cnr
479 1470 683 1540 praetulerimus
705 1473 780 1539 petet
801 1487 834 1526 ex
856 1473 954 1527 notetis
972 1474 1006 1527 ed
1025 1473 1083 1530 cat.
1100 1473 1134 1540 11,
1151 1473 1177 1528 4.
1194 1490 1222 1542 p.
1238 1471 1283 1526 11.
1302 1473 1363 1526 coit.

270 1587 275 1599 ·
312 1551 430 1636 Herzog.
447 1563 482 1618 ed
499 1562 557 1616 Get.
576 1563 612 1627 X,
627 1561 654 1616 2.
673 1569 701 1614 et
718 1563 751 1614 ud
769 1563 840 1635 Xili,
853 1563 879 1616 1.
892 1593 927 1604 -
942 1565 1103 1619 Pronomine
1120 1581 1211 1617 meus
1228 1569 1287 1631 post
1298 1580 1364 1618 auus

313 1676 346 1714 ec
369 1655 454 1710 mitt
476 1655 539 1705 ente
559 1659 652 1719 erepte
687 1651 793 1704 Curtius
814 1659 913 1713 temere
937 1654 1029 1723 eiecit,
1052 1671 1105 1708 non
1122 1655 1208 1710 solmn
1225 1633 1299 1710 eodd.
1316 1657 1363 1711 edd

313 1749 394 1802 etiem
412 1739 540 1798 orationis
557 1743 645 1794 coiere
662 1741 834 1796 obstantibus.
853 1771 887 1786 -
905 1745 1025 1816 Hueeiue
1049 1761 1154 1799 merere
1168 1738 1191 1802 i.
1203 1767 1228 1802 e.
1246 1751 1364 1804 talemne

314 1841 414 1894 exitum
430 1833 555 1906 habuere.
574 1831 609 1886 ct.
628 1831 771 1884 Ruhnken.
788 1834 823 1886 ed
839 1834 904 1888 Ter.
916 1835 998 1890 Andr.
1014 1837 1036 1902 l,
1054 1837 1080 1900 1,
1098 1835 1158 1892 1⁰⁰.
1175 1838 1241 1893 ibid.
1257 1841 1280 1906 1,
1297 1841 1323 1906 2,
1334 1839 1361 1894 5.

314 1933 371 1986 tueri
388 1915 488 1996 semper
505 1924 603 1977 leuiter
620 1924 731 1976 veretur
747 1941 867 1992 quorem
885 1928 1017 1981 euaderet.
1050 1926 1145 1980 Bremi
1161 1929 1195 1982 ed
1208 1930 1274 1998 Nep.
1285 1925 1373 1986 Dion*

312 2015 418 2088 v111‚1.
438 2033 517 2087 quum
524 2030 652 2082 quereum
672 2014 930 2083 (heeeyeuadereut
944 2021 1057 2072 timeret.
1073 2045 1109 2060 ·-
1130 2020 1194 2072 tuis
1210 2035 1262 2073 nen
1278 2025 1319 2074 est
1335 2021 1363 2076 iu

312 2113 376 2168 Seu.
392 2111 423 2163 t:
437 2110 520 2162 Heus.
539 2105 654 2174 Tegern.
674 2112 701 2158 et
716 2106 802 2160 Vetic.
819 2107 851 2160 Δ.
869 2125 983 2175 quornm
999 2107 1158 2162 euctoritete
1173 2111 1277 2164 Curtius
1293 2111 1362 2165 orni-

238 2189 256 2290 ,¹
312 2205 363 2271 sit,
381 2198 540 2256 Gerlnchius
562 2203 633 2274 certe
655 2209 707 2254 uon
723 2197 827 2253 dubitet
850 2201 915 2267 quin
932 2200 1105 2254 emittendum
1127 2201 1172 2254 sit.
1207 2201 1261 2256 Sed
1279 2221 1362 2271 quum

310 2297 389 2350 Arus.
406 2292 485 2344 Meus.
511 2285 538 2340 iu
556 2287 636 2355 corp.
655 2289 776 2343 Gremm.
794 2291 852 2344 het.
878 2292 936 2347 vot
954 2291 976 2342 l.
992 2301 1033 2359 Ἰ».
1050 2289 1111 2344 253.
1136 2292 1179 2346 ed.
1196 2293 1317 2348 Lindem.
1335 2312 1361 2350 v.

310 2399 368 2456 pur
379 2397 473 2436 vocem
491 2386 626 2448 egressus,
643 2378 725 2432 huius
741 2381 806 2442 tides
822 2397 855 2434 ee
867 2387 916 2442 tet
933 2381 1008 2435 codd.
1033 2397 1172 2435 censemus
1189 2383 1362 2450 paucissimo-

267 2509 270 2517 *
309 2459 371 2531 rum
394 2469 550 2528 euetoritete
572 2469 660 2542 potior
682 2475 730 2523 est.
766 2473 868 2526 Endern
892 2487 1056 2526 cenesaeos
1079 2472 1209 2540 permovit
1231 2479 1262 2530 ut
1279 2475 1361 2529 etiem

310 2551 402 2639 pontio
425 2567 486 2617 ente
509 2576 654 2629 pronomen
676 2567 737 2615 tue
760 2568 819 2630 post
841 2563 967 2630 beneficio
988 2562 1204 2633 restitueremus,
1239 2567 1310 2632 qnod
1332 2566 1360 2620 iu

312 2660 404 2714 Gnelt.
421 2657 447 2710 d.
471 2654 566 2707 Frenc.
585 2652 660 2728 [reid.
676 2653 714 2724 Η.
731 2657 758 2705 et
772 2653 851 2706 Bern.
866 2651 893 2706 3.
910 2653 1075 2706 desideretur
1092 2659 1118 2708 et
1135 2670 1152 2707 e
1169 2655 1262 2710 cortis
1279 2656 1360 2712 omis-

309 2769 369 2808 enm
389 2755 437 2802 est.
452 2771 486 2788 -
504 2745 599 2796 Putem
617 2757 691 2794 eum
708 2745 797 2797 tiberis
818 2743 971 2798 insolentius
983 2745 1103 2817 ⁷quidem
1120 2745 1292 2818 dictumest,
1315 2747 1361 2802 sed

113 2840 116 2848 '
192 2841 196 2845 ’
309 2844 432 2896 codicum
454 2842 482 2891 et
504 2835 581 2890 Arne.
605 2833 687 2886 Messi
709 2831 869 2888 eue'turitete
893 2836 913 2888 l.
940 2837 960 2892 l.
977 2835 1183 2900 setisfirmnm
1206 2828 1292 2906 neque
1309 2839 1361 2896 ists

308 2937 441 2989 structure
457 2927 585 2993 exemplis
601 2925 723 2992 iusteque
740 2941 834 2978 eeusse
851 2932 932 2981 eeret.
966 2913 1035 2981 Nem
1048 2945 1130 2996 quum
1143 2931 1293 2997 aequalitas
1306 2947 1370 2994 nou,
1414 2939 1417 2946 “

233 3079 236 3090 f
273 3003 278 3008 ’
308 3025 366 3078 eine
384 3020 476 3087 ulique
493 3016 679 3070 coniunctionis
695 3014 803 3068 notione
820 3016 936 3085 cogiteri
952 3017 1048 3088 possit,
1074 3018 1205 3085 siquidem
1228 3037 1297 3089 ques
1312 3039 1361 3090 pe-

308 3115 350 3169 riu
367 3117 426 3168 runt
443 3125 496 3162 non
514 3107 543 3159 in
559 3107 694 3160 divorsum
711 3107 823 3172 ebennt,
846 3103 892 3160 sed
916 3110 1032 3176 quodem
1057 3109 1164 3164 vinculo
1185 3110 1360 3177 contineutui,

268 3208 278 3280 J
308 3221 372 3261 sene
388 3201 447 3256 fleri
466 3204 551 3270 potest
568 3203 598 3254 ut
614 3198 641 3251 id
660 3197 731 3266 quud
747 3199 831 3268 vulgo
848 3201 928 3252 atteri
938 3215 992 3268 per
1003 3199 1106 3256 ¹dicitur·
1122 3201 1203 3256 etiem
1214 3180 1272 3272 pur
1288 3219 1360 3256 eune

198 3329 200 3336 ·
308 3313 339 3351 ee
356 3294 449 3349 noceri
466 3296 555 3360 queat,
573 3291 602 3343 1ι.
620 3306 645 3343 e.
663 3289 702 3344 itu
719 3289 887 3344 coniunctum
905 3307 965 3345 curu
980 3309 1022 3358 eo,
1040 3299 1069 3347 nt
1085 3291 1155 3346 nihil
1170 3293 1240 3346 inter
1254 3297 1359 3348 utrum·

306 3406 360 3457 qne
375 3384 487 3439 intersit.
522 3383 583 3448 Qun
605 3381 796 3435 coniunctionis
815 3387 946 3450 potestate
972 3383 1021 3438 niti
1044 3384 1125 3439 istnru
1146 3387 1306 3437 structurum
1328 3399 1360 3436 o-

307 3476 404 3534 stendit
421 3477 495 3530 locnr
513 3471 648 3524 Ciceronis
663 3471 741 3526 Brut.
769 3489 792 3525 c.
819 3471 870 3540 59,
893 3474 1239 3544 transrhenenses
1268 3489 1359 3528 seeum

306 3585 404 3638 peres,
427 3563 473 3620 sed
501 3579 570 3631 quse
592 3561 620 3615 iu
646 3562 765 3631 personis
786 3569 862 3617 erent
887 3565 965 3619 elteri
983 3583 1044 3621 enm
1066 3569 1152 3624 eluere
1174 3565 1251 3633 perie
1275 3564 1360 3619 fuisse

307 3661 443 3714 dienutnre
461 3658 538 3709 crum
551 3653 576 3706 ei
589 3653 720 3722 quaedem
735 3671 768 3707 es
781 3654 823 3707 lu'e
834 3657 916 3723 perte
934 3674 992 3710 cuer
1007 3657 1109 3713 Creeeo.
1144 3655 1199 3710 Sed
1214 3657 1293 3726 plene
1310 3673 1360 3727 go-
1380 3665 1382 3668 '

244 3733 248 3740 “
307 3745 577 3812 munumentum
593 3750 633 3799 es
650 3745 723 3813 spur
740 3745 851 3798 mum
868 3745 985 3814 rnutpp.
1000 3747 1023 3811 ι,
1040 3747 1085 3812 ιι,
1101 3747 1146 3802 et.
1163 3749 1212 3801 stu
1231 3755 1290 3802 eret
1300 3749 1360 3802 orsa

264 3850 274 3862 ·
306 3839 482 3908 (Antonius),
499 3837 620 3892 lidertute
637 3852 692 3890 esee
707 3851 829 3904 parem
854 3853 927 3890 cem
945 3837 1088 3902 ceteris,
1104 3840 1250 3908 principem
1265 3839 1360 3910 digni·

220 3982 224 3988 .
307 3942 375 3990 tute.
392 3933 428 3987 ct.
446 3927 573 3985 Redditur.
590 3926 686 3980 lurtitt.
704 3927 825 3982 Gmmm.
842 3925 878 3983 Τ.
895 3928 929 3983 11.
954 3946 981 3996 p.
999 3926 1043 3982 93.
1077 3929 1169 3999 Neque
1185 3931 1233 3985 ebe
1250 3947 1281 3982 re
1298 3930 1359 3982 fne-

306 4021 343 4074 rit
359 4017 509 4084 reeordari,
526 4018 608 4072 etiem
626 4019 696 4072 idem
713 4017 794 4072 simili
810 4017 873 4086 poni
890 4019 986 4080 modo.
1003 4020 1036 4072 de
1052 4036 1105 4088 qno
1122 4039 1149 4074 r.
1167 4021 1302 4074 Brekenbu
1322 4021 1358 4076 ed

302 4113 365 4169 iris.
383 4113 470 4177 XXX,
482 4111 527 4178 12,
542 4111 585 4165 15.
621 4111 755 4165 Numidae
771 4118 851 4179 utque
872 4110 901 4164 iu
917 4111 1035 4164 eudem
1052 4129 1177 4166 meeum
1194 4113 1289 4180 Afriee
1304 4124 1358 4182 ge·
1412 4180 1415 4190 Δ

236 4255 238 4260 ,
307 4207 360 4258 uiti
364 4205 447 4272 fidem
461 4204 573 4273 experiri
587 4206 699 4258 metunt.
717 4204 788 4259 'l'ee
803 4202 868 4255 Anu.
885 4203 981 4270 NVJ.
1000 4203 1068 4256 dune
1085 4220 1135 4274 ego
1154 4203 1274 4256 cedens
1291 4219 1357 4256 ree·

307 4313 378 4350 eum
395 4306 473 4366 putre
492 4297 628 4370 genitum,
650 4297 679 4348 iu
696 4295 882 4365 possessionem
900 4295 1044 4348 Armeniae
1067 4295 1172 4349 deduci.
1208 4293 1357 4348 Videndum

286 4431 290 4443 s
306 4388 391 4458 igitur
410 4405 443 4442 ne
460 4389 563 4458 Gryesr
578 4386 607 4440 in
623 4385 772 4454 Preemptt.
789 4383 853 4452 styli
870 4385 927 4439 iet.
942 4401 966 4451 p.
977 4379 1021 4438 tt.
1038 4382 1108 4438 huuc
1121 4389 1282 4440 structurum
1293 4383 1357 4453 per-
