3008 4960
387 434 661 532 mouerat„
707 443 806 509 cuc
832 435 922 554 nm.
1098 391 1114 405 '¹
1140 449 1196 544 ss

134 603 352 693 tionestarum
384 640 498 686 rerum
528 606 656 710 egeus,
695 641 763 708 quo
791 601 982 701 occidam,
1000 616 1069 685 ‘aut
1097 641 1181 710 quos

134 763 330 858 appellem?
360 763 555 832 nationesne
581 786 625 830 an
651 785 775 856 reges,
807 763 864 852 qui
890 783 1007 830 omncs
1034 760 1181 831 familiae
1255 825 1258 838 ,,

132 919 266 982 nostrae
295 909 340 977 ob
368 915 515 976 vostram
548 907 729 976 amicitiam
745 906 865 994 'infesti
896 867 1006 974 suut?-
1028 928 1070 973 an
1094 926 1182 996 quo·
1270 996 1273 1004 Ἰ

133 1079 235 1149 quam
263 1053 347 1123 mihi
376 1051 470 1120 adire
506 1051 605 1138 licet,
640 1053 699 1120 ubi
735 1072 803 1122 uon
828 1051 994 1120 maiorum
1026 1031 1209 1120 meorum*
1286 1069 1303 1091 ³
1390 1039 1413 1067 ‘⁸

103 1255 106 1258 -
131 1201 268 1272 hostilia
284 1168 510 1267 monumenta
531 1195 679 1287 plurima
695 1195 770 1263 -sin‘t
783 1195 817 1264 θ’
837 1203 896 1262 aut
916 1195 1093 1284 quisquam
1115 1219 1179 1264 no-

130 1347 190 1418 stri
216 1341 368 1418 misereri
386 1348 521 1432 potest,
551 1340 608 1430 qui
635 1339 818 1430 aliquando
840 1338 937 1408 vobis
962 1319 1067 1410 hostis
1093 1339 1203 1410 fuiti

129 1613 190 1653 eum
214 1597 452 1664 necessitudinem,
474 1613 528 1666 quo
552 1613 614 1650 cum
637 1597 771 1675 Iugurtha
796 1597 901 1655 iunctus
928 1604 1002 1666 erat,
1035 1598 1178 1668 intelligat.

127 1689 218 1760 Igitur
230 1690 283 1742 hec
297 1675 379 1744 dicit:
403 1691 534 1744 stemnius
556 1687 623 1740 mitri
646 1679 786 1742 incolumia
807 1698 909 1758 creent,
934 1707 1018 1762 cepoe
1034 1691 1179 1760 quidquam

127 1797 216 1834 rerum
240 1795 358 1834 meamne
382 1782 547 1846 emisissem,
579 1795 662 1847 neque
687 1780 869 1850 logoctto
894 1781 1014 1852 otiique,
1047 1781 1093 1850 poi
1113 1782 1179 1834 mitt

126 1870 240 1940 proximi
254 1862 284 1922 ¹et
302 1869 411 1939 cognati
427 1875 496 1934 eunt,
513 1876 649 1922 motato
666 1871 780 1922 animo
798 1873 885 1925 hostes
901 1880 928 1925 ct
945 1872 1094 1926 edomuerit
1105 1871 1178 1938 facti
1195 1865 1197 1872 ⁴

128 1969 222 2016 essent.
249 1960 357 2014 ¹Neutro
379 1975 477 2030 genere
502 1958 582 2012 etiam
605 1949 728 2027 personas
744 1961 889 2030 significari
906 1955 995 2030 ἱὲιιιιιιι
1011 1962 1046 2015 ari
1064 1980 1087 2015 c.
1104 1963 1183 2031 xm,
1259 2017 1268 2024 ,-

127 2052 156 2106 6.
172 2053 349 2116 ostendimus3
367 2049 437 2118 quae
452 2051 521 2105 ratio
538 2067 586 2102 cur
602 2049 647 2103 hic
664 2052 753 2104 valeat
765 2053 852 2121 quivis
866 2037 976 2118 ¹videbit,
992 2043 1040 2120 uui
1058 2053 1177 2106 animum

127 2143 287 2209 adveneris,
310 2143 344 2196 ιιιΙ
362 2141 566 2195 concinnitatem
586 2141 712 2197 orationis
727 2143 885 2197 servantiam
907 2143 1177 2213 auctorem'explica—

127 2237 197 2292 tices
212 2233 367 2298 sententias,
390 2249 504 2300 quarum
528 2233 612 2286 nitere
628 2233 662 2286 ad
678 2251 736 2302 res,
760 2236 846 2288 altera
869 2235 904 2288 ιιιΙ
922 2239 1177 2308 personasspectat,

126 2327 182 2380 unt
198 2326 231 2379 ad
248 2337 433 2394 praegressum
448 2325 536 2376 omniu
552 2323 761 2391 pcr'relctivum
778 2330 804 2378 et
821 2332 869 2378 aot
885 2327 1029 2393 particulas
1046 2327 1178 2381 retulisses
1216 2325 1218 2336 '

126 2417 251 2488 ceterum
266 2415 358 2468 Faber
373 2418 444 2468 recte
460 2414 527 2467 vidit
544 2433 612 2483 quoe
629 2416 745 2483 primum
763 2416 970 2487 nominativum,
991 2425 1046 2471 tum
1065 2405 1176 2472 accusass

125 2507 212 2560 tivum
230 2522 296 2570 esse,
313 2506 390 2573 plane
407 2510 438 2558 ut
454 2503 525 2558 inira
545 2523 568 2557 c.
586 2507 684 2571 XXXI,
700 2505 744 2560 18.
778 2505 911 2558 Nimirum
928 2490 974 2559 tric
991 2524 1096 2576 quoque
1112 2525 1176 2560 con-

125 2577 259 2662 cinnitatis
280 2595 396 2650 studium
422 2595 484 2663 pius
507 2582 606 2662 veluit,
630 2613 710 2664 quum
738 2612 831 2652 severa
854 2597 1052 2652 constructionis
1076 2599 1174 2662 lex,-

127 2687 270 2741 Monereot
286 2691 313 2740 et
330 2686 497 2754 implorarem
514 2673 631 2756 mugio·
648 2705 697 2756 pre
716 2689 977 2764 plusquamperfecto
996 2689 1097 2742 dictum
1113 2702 1175 2758 cen-

125 2783 182 2844 set,
208 2793 276 2846 quae
297 2777 442 2830 multorum
468 2781 509 2829 est
534 2779 663 2832 sententia
687 2780 720 2832 de
743 2778 873 2833 eiusmodi
897 2778 1076 2848 imperfectis,
1100 2779 1174 2840 velut
1235 2818 1246 2830 .

94 2869 96 2871 ’
125 2867 287 2938 Heusingeri
309 2867 344 2921 aa
359 2866 427 2920 cte.
447 2866 480 2920 de
503 2867 558 2921 off.
575 2870 631 2936 ΙΙΙ,
645 2871 694 2939 19,
712 2871 739 2924 2.
767 2876 794 2924 et
817 2869 908 2938 iutprr.
933 2870 973 2924 ibi
995 2871 1174 2927 laudatorum,
1286 2901 1289 2906 -

125 2959 265 3016 Heindorf.
279 2959 313 3011 ed
327 2957 395 3011 Hor.
407 2956 463 3011 Sat.
480 2959 501 3024 Ι,
515 2958 542 3023 3,
554 2957 582 3013 5Ῐ
597 2965 625 3014 et
634 2961 670 3026 11,
683 2962 711 3046 3,
727 2959 782 3025 93,
797 2961 927 3030 oliorum
945 2963 989 3016 sed
1004 2962 1031 3014 in
1048 2957 1173 3030 promptu
1284 3024 1287 3036 „

57 3080 61 3088 ·
123 3055 165 3105 est
174 3045 353 3104 Adherbalem
369 3051 436 3104 haec
448 3068 501 3104 uon
518 3057 643 3120 tauquam
660 3052 804 3120 praeterito
821 3059 939 3121 tempore
955 3055 1077 3108 absoluta
1092 3071 1174 3106 enun·
1225 3095 1230 3101 .

99 3187 103 3193 .
126 3142 212 3204 eiuro,
230 3141 275 3194 seu
292 3141 394 3228 fingere
411 3142 565 3208 etiamtum,
591 3156 674 3209 quum
689 3143 794 3196 dicebat
800 3181 809 3210 ,
827 3143 902 3208 fieri;
921 3144 989 3196 unde
1006 3143 1174 3211 consequitur
1252 3167 1255 3176 ·
1276 3139 1279 3150 '

124 3231 311 3300 imperfectum
327 3232 463 3303 propriam
479 3233 536 3285 vim
552 3249 604 3292 non
621 3233 787 3299 deposuism3
805 3250 831 3288 v.
848 3235 953 3302 Zumpt.
972 3235 1094 3289 Gramm.
1111 3234 1172 3287 mr.

125 3328 152 3391 ς.
167 3319 213 3388 28,
231 3321 256 3375 2.
274 3326 328 3377 not.
345 3322 371 3374 2.
388 3340 414 3390 p.
433 3321 494 3376 393.
513 3323 675 3376 Remshorn.
700 3325 726 3388 ς.
742 3321 805 3386 19⁰,
822 3323 844 3382 Ι,
860 3322 887 3376 3.
905 3328 960 3376 eet.
981 3325 1006 3376 1.
1024 3343 1050 3392 p.
1067 3321 1121 3377 586
1132 3340 1171 3391 sq.

125 3419 238 3482 atquae
260 3412 331 3466 infru
348 3414 382 3467 ad
404 3432 428 3466 c.
446 3413 515 3479 LIX,
534 3413 562 3468 3.
587 3413 695 3466 noerius
718 3401 974 3482 disputavimus.‚-
997 3415 1067 3468 Moti
1082 3429 1173 3468 omnes
1242 3416 1245 3425 '

125 3505 202 3560 codd.
227 3508 315 3559 teuent
337 3491 395 3572 prist
421 3506 575 3574 improvisu
600 3503 759 3559 Gerlachius
780 3503 809 3556 in
833 3506 875 3558 ed.
902 3505 1003 3559 maiore
1026 3511 1086 3574 post
1110 3505 1173 3574 potet

126 3595 281 3660 collocavit,
306 3595 412 3652 Curtius
432 3581 510 3666 piune
529 3597 634 3666 omisit,
657 3596 754 3650 codicis
770 3597 880 3650 Eccard.
898 3597 959 3650 fide.
995 3595 1174 3665 Quincunces

31 3761 39 3770 α
125 3691 207 3760 possit
223 3707 277 3744 non
294 3688 551 3775 estdubium31ed
574 3706 607 3744 eo
631 3689 720 3744 audite
737 3687 876 3742 certiorem
898 3687 958 3741 fieri
975 3688 1122 3744 orationem
1140 3705 1172 3742 ae

125 3781 278 3854 graviorem
295 3782 428 3835 neminem
445 3781 526 3852 fugit.
861 3858 864 3862 Ι

101 3905 127 3914 .,
195 3877 221 3940 §.
240 3873 283 3926 lt.
319 3873 396 3927 Nunc
412 3889 471 3928 enm
486 3872 541 3926 vim
557 3871 647 3950 hebet,
663 3873 695 3924 ut
711 3871 850 3924 mansitum
864 3874 942 3938 paret
957 3871 991 3924 ad
1008 3873 1172 3938 praesentem

125 3963 242 4032 aliquem
259 3979 349 4018 rerum
365 3969 480 4028 statum,
492 3963 558 4016 'cum
576 3977 625 4026 eo,
643 3961 675 4014 de
692 3979 745 4029 quo
763 3967 842 4016 antea
858 3950 958 4024 dictum
976 3965 1025 4024 est,
1041 3977 1092 4012 non
1110 3975 1172 4010 con-

124 4061 266 4126 gruentem
282 4061 309 4110 et
323 4061 464 4125 propterea
479 4053 520 4107 illi
538 4055 698 4124 oppositum,
724 4070 792 4122 quae
811 4046 958 4122 opponendi
974 4055 1089 4119 potestus
1105 4049 1134 4123 h.
1150 4049 1171 4102 1.
1274 4059 1284 4084 ,-

61 4167 73 4179 ,
119 4146 322 4226 'uouiufertun
347 4149 394 4201 sed
417 4153 530 4217 augetur
557 4161 619 4198 uero
643 4143 788 4211 particule,
815 4146 850 4202 oi.
867 4145 939 4198 infru
957 4140 1043 4210 §.faa
1059 4140 1172 4210 Fragm.
1245 4185 1248 4196 .

125 4237 227 4293 Histor.
243 4239 289 4303 ΙΙΙ,
305 4238 351 4306 22,
368 4238 393 4290 2.
410 4238 545 4292 Kuehuer.
563 4235 598 4290 ati
615 4235 671 4289 (tic.
688 4236 784 4298 Tusco·
802 4235 855 4300 ΠΙ,
872 4237 899 4302 l,
916 4235 942 4288 2.
959 4233 1028 4304 Aug.
1045 4232 1174 4298 Matthiae

126 4327 162 4382 eu
178 4327 235 4382 cic.
253 4345 278 4396 p.
291 4329 371 4384 Arch.
389 4333 459 4398 poet.
477 4328 521 4397 ll,
539 4327 583 4382 29.
600 4325 738 4384 uendere.
756 4325 830 4383 aru.
840 4329 873 4382 D.
893 4327 927 4392 ΙΙ,
942 4323 987 4380 so.
1023 4321 1129 4377 Meiner
1141 4323 1175 4375 de
