3012 4960
426 493 697 562 IUGURTHA.
742 493 844 562 oAP.
866 493 954 560 Vlll.
1117 531 1129 572 ς
1170 499 1215 562 ‘lb

158 671 235 742 diae
262 672 427 766 potiretur
441 665 463 753 3³⁴
488 672 522 740 in
542 673 618 762 ipso
649 691 841 740 maxumam
866 673 1042 756 uirtutem,
1076 669 1226 760 Romae,

158 777 423 888 omniaveualia
445 840 530 887 csse.
584 815 658 888 Sed
677 794 859 917 postquam
882 816 1065 902 Numantia
1094 815 1251 888 detaae'

101 1045 106 1058 ,
145 965 196 1058 ΙΡ.
223 963 341 1056 Scipio
363 963 533 1065 dimittere
555 962 724 1030 auxiliaci
744 929 818 1059 ipsc
839 964 963 1030 revorti
987 961 1214 1036 demumde-

159 1109 284 1196 crevit,
313 1108 474 1176 donatum
499 1116 600 1197 atque
627 1105 803 1176 laudatum
824 1107 1005 1198 magnifice
1028 1129 1095 1199 pro
1127 1131 1229 1176 con-.

160 1254 258 1320 cione
282 1253 490 1343 Iugurtham.
506 1253 762 1344 inpraetorium
783 1251 923 1320 abduxit
944 1251 1059 1342 ibique
1080 1219 1214 1344 secreto

125 1365 126 1372 l
159 1395 306 1483 monuit,
341 1397 387 1466 uti
412 1397 530 1488 potius
552 1397 691 1488 publice
722 1419 825 1486 quam
854 1397 1011 1488 privatim
1035 1395 1214 1466 amicitiam

226 1639 251 1704 s.
269 1637 296 1690 2.
334 1644 360 1691 et
375 1638 432 1706 ipse
447 1637 565 1710 renunt]
578 1637 617 1692 Et
634 1623 740 1694 Cortice
756 1637 937 1707 imprudenter
959 1638 1038 1692 unius
1056 1639 1147 1694 Gnelt.
1166 1640 1215 1694 lls

156 1743 207 1797 ope
223 1727 337 1796 expulit,
362 1727 479 1794 Bipontt.
498 1733 525 1781 et
540 1713 671 1782 Mueller-o
689 1735 788 1784 temere
811 1705 1024 1798 obsequentibus.
1042 1759 1076 1769 -
1096 1731 1214 1784 Abducit

155 1823 197 1871 cst
214 1818 241 1872 in
259 1817 366 1871 Fabric.
385 1819 412 1872 1.
436 1819 517 1872 Acad.
543 1819 630 1872 Paria.
648 1822 679 1874 G.
703 1823 794 1874 Ber-ol.
811 1821 852 1885 λς
878 1821 974 1884 relicui
999 1837 1089 1874 omues
1112 1823 1213 1876 hebent

156 1910 285 1980 adducit,
310 1911 380 1978 quod
402 1910 466 1962 lruic
489 1912 548 1963 loco
571 1915 658 1964 minua
683 1912 822 1976 convenit,
847 1929 929 1979 quum
947 1920 1048 1965 secreta
1065 1911 1212 1966 admonitio

155 2001 292 2068 publicam
306 2018 355 2070 pre
372 2003 493 2054 cendone
511 2002 690 2068 laudationem
707 2004 827 2056 continuo
846 2011 937 2056 secuta
955 2003 1040 2056 multo
1056 2002 1211 2072 significan·
1290 2041 1291 2048 1

135 2091 208 2144 ‘tius
233 2091 285 2144 isto
308 2093 440 2148 vocabulo
463 2079 630 2154 declareturs,
660 2096 690 2148 In
715 2095 840 2148 concione
867 2095 938 2148 enaim
966 2111 1016 2146 non
1048 2093 1112 2146 eatis
1137 2110 1211 2148 cotn-

154 2182 234 2234 mode
251 2181 349 2248 omnia,
367 2201 435 2252 qaae
451 2202 493 2238 ree
504 2185 643 2252 poscebat,
658 2185 711 2238 diei
727 2190 864 2253 potcmnt3
889 2190 1028 2254 propterea
1045 2185 1106 2238 inde
1124 2188 1211 2240 abelu-

155 2279 212 2326 ctua
230 2277 270 2325 est
286 2274 432 2344 Iugurtha,
450 2291 534 2344 eaque
551 2277 697 2330 abducendi
714 2294 807 2331 caussa
824 2278 909 2330 multo
926 2276 1035 2346 gravior
1052 2282 1106 2344 eat,
1129 2293 1210 2344 quam

141 2360 229 2416 'locus
247 2379 299 2430 quo
322 2365 512 2418 adducebatur.
548 2369 636 2436 Quam
661 2387 739 2438 saepe
756 2373 845 2422 autem
867 2368 894 2420 in
913 2367 989 2422 libris
1005 2385 1087 2422 manu
1105 2369 1212 2438 scriptia

155 2453 281 2506 conlundi
305 2456 405 2510 soleant
425 2458 508 2510 verba
529 2477 591 2512 cum
616 2463 653 2514 ad
676 2469 702 2515 et
726 2463 759 2515 ab
785 2459 1027 2527 praepositionibus
1054 2461 1208 2530 coniuncta,

155 2547 269 2598 ostendit
286 2546 393 2600 Cottius
415 2549 450 2600 ad
468 2549 548 2602 Catil.
567 2551 605 2616 la,
624 2552 651 2605 t.
670 2554 704 2605 cl.
727 2557 820 2606 notata
837 2551 871 2603 ad
890 2552 948 2602 Cat.
966 2551 1046 2616 1ι1’11,
1063 2553 1089 2606 1.
1105 2569 1132 2620 p.
1149 2551 1211 2606 298.

154 2638 289 2690 Draltcnb.
307 2639 343 2690 ad
361 2637 419 2690 liv.
433 2639 540 2704 XXVII,
553 2641 596 2705 29,
610 2643 635 2694 1.
654 2647 680 2696 et
698 2645 732 2695 ad
748 2645 771 2708 I,
788 2642 832 2705 57,
850 2641 877 2694 8.
911 2641 1008 2694 Nostro
1025 2642 1087 2694 loco
1103 2643 1161 2696 tere
1176 2643 1213 2696 ad
1291 2642 1293 2646 ’

154 2729 280 2782 amussim
297 2730 436 2797 respondet
453 2730 580 2784 Livianus
598 2733 689 2794 XXX,
707 2734 750 2798 14,
765 2733 792 2786 3.
828 2731 943 2800 Scipioni
962 2732 1067 2786 boetius
1084 2741 1111 2786 et
1129 2735 1212 2788 Masi-

132 2813 136 2824 '
154 2821 227 2874 nicea
239 2829 460 2890 supervenentium
478 2839 542 2892 ques
554 2841 632 2892 qnam
645 2825 764 2894 egregiis
778 2825 899 2878 laudibus
910 2824 1097 2898 frequenti
1111 2841 1212 2894 prae·

154 2915 248 2966 torio
266 2915 437 2979 celebrarent,
462 2915 653 2970 abductum
676 2918 711 2970 in
736 2925 908 2971 secretum
928 2915 1095 2970 Masinissam
1113 2918 1212 2972 sical-

154 3005 282 3074 loquitur,
308 3005 341 3057 ad
357 3024 383 3076 q.
400 3007 418 3061 1.
437 3023 463 3059 v.
482 3006 581 3060 iterum
597 3005 797 3059 Drakenborch.
814 3035 849 3048 -
875 3007 979 3062 Publice
1004 3007 1023 3058 i.
1048 3025 1072 3061 e.
1096 3007 1212 3076 puhlicis

153 3115 220 3168 erge
245 3097 399 3152 universum
424 3099 552 3168 populum
576 3099 730 3150 Romanum
754 3096 867 3161 elficiie3
890 3099 1031 3168 priuatim,
1057 3099 1212 3154 muneribus
1324 3117 1325 3124 ¹
1397 3091 1399 3099 ’

153 3189 319 3259 singulorum
337 3190 453 3260 gratiam
477 3195 601 3258 captane,
624 3193 655 3242 ut
679 3189 826 3241 Muellerus
843 3194 915 3242 recte
935 3187 1088 3256 explicavit.
1122 3188 1211 3240 Poste

153 3279 252 3334 riorem
269 3279 400 3348 Scipionil
416 3281 572 3334 senteutiam
584 3279 720 3346 sequeutia
734 3279 851 3346 apertius
864 3281 1013 3344 declarant3
1031 3279 1129 3348 largiri
1140 3278 1211 3332 enim

154 3369 284 3423 invidioso
307 3387 384 3426 seusu
408 3377 448 3422 est
469 3372 582 3440 pecunia
604 3386 782 3438 corrumpere,
805 3370 939 3437 quomodo
955 3370 1037 3424 ctiam
1061 3371 1213 3440 largitionis

153 3461 315 3514 vocabalum
340 3465 497 3528 usurpatur,
521 3461 556 3514 cl.
573 3459 643 3511 infra
667 3476 690 3510 c.
710 3459 768 3526 XV,
787 3459 812 3512 1.
840 3466 866 3514 et
883 3462 910 3530 §-
925 3459 950 3516 5.
976 3461 1048 3527 0111,
1066 3461 1092 3516 6.
1107 3462 1212 3516 --Pro
1318 3523 1319 3527 Ἰ

151 3569 217 3605 nau
242 3551 334 3621 quibua
351 3551 489 3620 Bipontini
506 3553 601 3608 vitiose
622 3549 782 3618 scripserant
804 3570 864 3608 nee
889 3555 999 3624 quibas,
1022 3553 1095 3624 quod
1118 3558 1159 3607 eet
1182 3553 1211 3608 in

154 3643 244 3728 Guell.
261 3641 287 3696 5.
306 3643 388 3696 Febr.
402 3643 429 3696 2
446 3645 526 3698 Rem.
541 3643 568 3697 2.
589 3643 671 3695 Bora.
683 3643 725 3707 l.;
742 3643 896 3699 continuata
910 3646 982 3699 enim
1007 3645 1108 3698 consilii
1125 3642 1210 3714 signi·

153 3734 293 3799 tinctione,
318 3733 357 3788 ita
374 3741 403 3788 ut
419 3735 448 3788 in
473 3721 634 3804 negativam
650 3733 807 3789 sententiam
830 3741 947 3790 benseat
964 3735 1068 3802 oratio,
1091 3740 1211 3790 tentum·
1236 3747 1240 3756 ‘

153 3811 233 3880 modo
243 3844 295 3880 aaa
312 3828 355 3880 vel
371 3841 437 3878 neca
454 3824 517 3894 poni
533 3841 611 3894 posse
627 3807 694 3878 satia
710 3826 871 3880 ostendimur
888 3827 923 3880 ad
941 3827 1021 3880 catil.
1043 3827 1162 3890 xxxw,
1181 3827 1209 3881 2.

153 3933 179 3985 p.
197 3917 260 3971 158.
295 3917 369 3970 Adde
385 3917 418 3969 11.
436 3915 469 3970 Δ.
483 3916 570 3970 Wolf.
588 3917 624 3969 ed
637 3917 702 3968 Teo.
714 3917 818 3982 Anul,
836 3917 881 3986 db,
899 3918 970 3971 med.
984 3947 1020 3958 ·—
1038 3920 1125 3972 Verba
1139 3919 1210 3988 qaod

153 4010 295 4062 multorum
319 4015 387 4062 esset
409 4023 491 4077 quum
514 4012 584 4060 tecte
605 4013 729 4085 spectent
747 4009 966 4066 admaietateus
983 4010 1211 4065 etauctoritatem

154 4103 260 4154 tanetus
284 4098 429 4169 populique
452 4097 587 4166 Romani,
611 4099 683 4152 hunc
706 4117 812 4154 sensnm
834 4101 949 4153 lrabeat:
975 4099 1018 4165 id,
1044 4101 1119 4154 caius
1138 4103 1210 4168 defe-

155 4189 231 4242 rendi
248 4206 280 4240 ac
297 4175 431 4241 tribuendi
451 4196 569 4258 potestus
594 4205 674 4256 penes
697 4189 850 4246 universum
872 4177 998 4260 papulam
1022 4198 1099 4246 esset.
1113 4221 1147 4231 -
1165 4193 1211 4250 ut·

154 4287 303 4334 ventarum.
344 4279 439 4332 Venire
456 4279 538 4348 elicui
555 4295 605 4332 eae
621 4297 663 4332 res
676 4280 806 4346 dicuntur,
825 4299 892 4350 quae
908 4299 960 4336 uon
977 4287 1142 4352 exspectatae
1159 4298 1208 4334 ae-

155 4383 207 4434 que
224 4367 359 4434 quaesitae
380 4368 461 4421 alieai
486 4369 630 4422 obveniunt
653 4375 680 4424 et
705 4371 868 4440 contingunt.
903 4371 1009 4438 Οοῄίυι
1032 4389 1112 4442 aspra
1129 4371 1162 4425 ad
1180 4389 1203 4426 c.
1228 4402 1232 4410 ·
