<?xml version="1.0" encoding="UTF-8"?>
<!DOCTYPE html PUBLIC "-//W3C//DTD XHTML 1.0 Transitional//EN"
    "http://www.w3.org/TR/xhtml1/DTD/xhtml1-transitional.dtd">
<html xmlns="http://www.w3.org/1999/xhtml" xml:lang="en" lang="en">
 <head>
  <title>
</title>
<meta http-equiv="Content-Type" content="text/html;charset=utf-8" />
  <meta name='ocr-system' content='tesseract 3.04.00' />
  <meta name='ocr-capabilities' content='ocr_page ocr_carea ocr_par ocr_line ocrx_word'/>
</head>
<body>
  <div class='ocr_page' id='page_1' title='image "./csallusticrispi05sallgoog_0045.png"; bbox 0 0 3012 4960; ppageno 0'>
   <div class='ocr_carea' id='block_1_1' title="bbox 265 420 1192 532">
    <p class='ocr_par' dir='ltr' id='par_1_1' title="bbox 265 420 1192 532">
     <span class='ocr_line' id='line_1_1' title="bbox 265 420 1192 532; baseline 0 -39"><span class='ocrx_word' id='word_1_1' title='bbox 265 486 269 494; x_wconf 86' lang='grc'><em>,</em></span> <span class='ocrx_word' id='word_1_2' title='bbox 309 422 353 486; x_wconf 84' lang='lat' dir='ltr'><strong>ae</strong></span> <span class='ocrx_word' id='word_1_3' title='bbox 584 420 1091 512; x_wconf 38' lang='lat' dir='ltr'><strong>c.·ssncosu1on1su1</strong></span> <span class='ocrx_word' id='word_1_4' title='bbox 1190 525 1192 532; x_wconf 68' lang='lat'><em>,</em></span> 
     </span>
    </p>
   </div>
   <div class='ocr_carea' id='block_1_2' title="bbox 286 595 1358 837">
    <p class='ocr_par' dir='ltr' id='par_1_2' title="bbox 286 595 1358 837">
     <span class='ocr_line' id='line_1_2' title="bbox 286 595 1358 698; baseline 0.004 -34"><span class='ocrx_word' id='word_1_5' title='bbox 286 595 361 664; x_wconf 75' lang='lat' dir='ltr'><strong>unt</strong></span> <span class='ocrx_word' id='word_1_6' title='bbox 385 603 503 669; x_wconf 83' lang='lat' dir='ltr'><strong>contra</strong></span> <span class='ocrx_word' id='word_1_7' title='bbox 528 597 603 683; x_wconf 86' lang='lat' dir='ltr'><strong>quis</strong></span> <span class='ocrx_word' id='word_1_8' title='bbox 630 604 680 664; x_wconf 86' lang='lat' dir='ltr'><strong>est</strong></span> <span class='ocrx_word' id='word_1_9' title='bbox 706 600 857 668; x_wconf 88' lang='lat' dir='ltr'><strong>omnium</strong></span> <span class='ocrx_word' id='word_1_10' title='bbox 881 599 934 670; x_wconf 89' lang='lat' dir='ltr'><strong>his</strong></span> <span class='ocrx_word' id='word_1_11' title='bbox 960 602 1129 688; x_wconf 78' lang='lat' dir='ltr'><strong>molibus,</strong></span> <span class='ocrx_word' id='word_1_12' title='bbox 1161 601 1243 692; x_wconf 90' lang='lat' dir='ltr'><strong>quin</strong></span> <span class='ocrx_word' id='word_1_13' title='bbox 1273 601 1358 698; x_wconf 84' lang='lat' dir='ltr'><strong>divi-</strong></span> 
     </span>
     <span class='ocr_line' id='line_1_3' title="bbox 308 715 1357 837; baseline 0.007 -30"><span class='ocrx_word' id='word_1_14' title='bbox 308 741 362 808; x_wconf 80' lang='lat' dir='ltr'><strong>tiis</strong></span> <span class='ocrx_word' id='word_1_15' title='bbox 390 749 424 808; x_wconf 89' lang='lat' dir='ltr'><strong>et</strong></span> <span class='ocrx_word' id='word_1_16' title='bbox 449 742 655 832; x_wconf 83' lang='lat' dir='ltr'><strong>sumptibus,</strong></span> <span class='ocrx_word' id='word_1_17' title='bbox 682 765 751 811; x_wconf 94' lang='lat' dir='ltr'><strong>non</strong></span> <span class='ocrx_word' id='word_1_18' title='bbox 776 746 946 837; x_wconf 84' lang='lat' dir='ltr'><strong>probitate</strong></span> <span class='ocrx_word' id='word_1_19' title='bbox 965 769 1077 836; x_wconf 87' lang='lat' dir='ltr'><strong>neque</strong></span> <span class='ocrx_word' id='word_1_20' title='bbox 1099 715 1259 816; x_wconf 74' lang='lat' dir='ltr'><strong>indmtda</strong></span> <span class='ocrx_word' id='word_1_21' title='bbox 1279 769 1357 816; x_wconf 87' lang='lat' dir='ltr'><strong>cum</strong></span> 
     </span>
    </p>
   </div>
   <div class='ocr_carea' id='block_1_3' title="bbox 279 877 1357 982">
    <p class='ocr_par' dir='ltr' id='par_1_3' title="bbox 279 877 1357 982">
     <span class='ocr_line' id='line_1_4' title="bbox 279 877 1357 982; baseline 0.006 -28"><span class='ocrx_word' id='word_1_22' title='bbox 279 886 498 956; x_wconf 68' lang='lat' dir='ltr'><strong>*maiouibus&#39;</strong></span> <span class='ocrx_word' id='word_1_23' title='bbox 515 888 582 956; x_wconf 87' lang='lat' dir='ltr'><strong>suis</strong></span> <span class='ocrx_word' id='word_1_24' title='bbox 605 889 812 960; x_wconf 73' lang='lat' dir='ltr'>contendat?</span> <span class='ocrx_word' id='word_1_25' title='bbox 864 891 977 960; x_wconf 85' lang='lat' dir='ltr'><strong>Etiam</strong></span> <span class='ocrx_word' id='word_1_26' title='bbox 996 877 1150 964; x_wconf 82' lang='lat' dir='ltr'><strong>homiues</strong></span> <span class='ocrx_word' id='word_1_27' title='bbox 1173 893 1272 978; x_wconf 90' lang='lat' dir='ltr'><strong>novi,</strong></span> <span class='ocrx_word' id='word_1_28' title='bbox 1298 893 1357 982; x_wconf 89' lang='lat' dir='ltr'><strong>qui</strong></span> 
     </span>
    </p>
   </div>
   <div class='ocr_carea' id='block_1_4' title="bbox 188 1101 1356 1646">
    <p class='ocr_par' dir='ltr' id='par_1_4' title="bbox 188 1101 1356 1283">
     <span class='ocr_line' id='line_1_5' title="bbox 188 1101 1356 1200; baseline 0.007 -31"><span class='ocrx_word' id='word_1_29' title='bbox 188 1190 191 1200; x_wconf 30' lang='grc' dir='ltr'>Ι</span> <span class='ocrx_word' id='word_1_30' title='bbox 305 1117 370 1185; x_wconf 79' lang='lat' dir='ltr'><strong>ipsiu</strong></span> <span class='ocrx_word' id='word_1_31' title='bbox 385 1118 514 1175; x_wconf 82' lang='lat' dir='ltr'><strong>maiorem</strong></span> <span class='ocrx_word' id='word_1_32' title='bbox 531 1124 664 1190; x_wconf 85' lang='lat' dir='ltr'><strong>quendam</strong></span> <span class='ocrx_word' id='word_1_33' title='bbox 681 1101 773 1189; x_wconf 78' lang='lat' dir='ltr'><strong>usum,</strong></span> <span class='ocrx_word' id='word_1_34' title='bbox 797 1137 877 1192; x_wconf 75' lang='lat' dir='ltr'><strong>quam</strong></span> <span class='ocrx_word' id='word_1_35' title='bbox 893 1127 1085 1196; x_wconf 68' lang='lat' dir='ltr'><strong>dulgentem,</strong></span> <span class='ocrx_word' id='word_1_36' title='bbox 1109 1129 1252 1194; x_wconf 77' lang='lat' dir='ltr'><strong>praestare.</strong></span> <span class='ocrx_word' id='word_1_37' title='bbox 1288 1123 1356 1177; x_wconf 80' lang='lat' dir='ltr'><strong>Ger·</strong></span> 
     </span>
     <span class='ocr_line' id='line_1_6' title="bbox 304 1209 886 1283; baseline 0.015 -23"><span class='ocrx_word' id='word_1_38' title='bbox 304 1209 408 1262; x_wconf 84' lang='lat' dir='ltr'><strong>manica</strong></span> <span class='ocrx_word' id='word_1_39' title='bbox 424 1211 451 1264; x_wconf 79' lang='lat' dir='ltr'><strong>lu.</strong></span> <span class='ocrx_word' id='word_1_40' title='bbox 471 1213 489 1264; x_wconf 94' lang='lat' dir='ltr'><strong>l.</strong></span> <span class='ocrx_word' id='word_1_41' title='bbox 507 1217 647 1271; x_wconf 87' lang='lat' dir='ltr'><strong>commode</strong></span> <span class='ocrx_word' id='word_1_42' title='bbox 665 1217 759 1270; x_wconf 85' lang='lat' dir='ltr'><strong>reddas</strong></span> <span class='ocrx_word' id='word_1_43' title='bbox 769 1217 886 1283; x_wconf 77' lang='lat' dir='ltr'><strong>sreilielc.</strong></span> 
     </span>
    </p>

    <p class='ocr_par' dir='ltr' id='par_1_5' title="bbox 289 1297 1356 1646">
     <span class='ocr_line' id='line_1_7' title="bbox 289 1297 1356 1376; baseline 0.001 -19"><span class='ocrx_word' id='word_1_44' title='bbox 289 1297 292 1340; x_wconf 79' lang='lat' dir='ltr'>j</span> <span class='ocrx_word' id='word_1_45' title='bbox 373 1303 399 1366; x_wconf 69' lang='grc' dir='ltr'><strong>ἓ.</strong></span> <span class='ocrx_word' id='word_1_46' title='bbox 416 1301 443 1360; x_wconf 76' lang='lat' dir='ltr'><strong>i.</strong></span> <span class='ocrx_word' id='word_1_47' title='bbox 478 1308 515 1360; x_wconf 80' lang='lat' dir='ltr'><strong>At</strong></span> <span class='ocrx_word' id='word_1_48' title='bbox 531 1309 640 1376; x_wconf 84' lang='lat' dir='ltr'><strong>centro]</strong></span> <span class='ocrx_word' id='word_1_49' title='bbox 667 1310 708 1359; x_wconf 85' lang='lat' dir='ltr'><strong>lle</strong></span> <span class='ocrx_word' id='word_1_50' title='bbox 724 1305 768 1360; x_wconf 86' lang='lat' dir='ltr'><strong>his</strong></span> <span class='ocrx_word' id='word_1_51' title='bbox 784 1306 923 1375; x_wconf 73' lang='lat' dir='ltr'><strong>particulis</strong></span> <span class='ocrx_word' id='word_1_52' title='bbox 946 1306 1067 1372; x_wconf 77' lang='lat' dir='ltr'><strong>socialis,</strong></span> <span class='ocrx_word' id='word_1_53' title='bbox 1098 1323 1211 1375; x_wconf 80' lang='lat' dir='ltr'><strong>querum</strong></span> <span class='ocrx_word' id='word_1_54' title='bbox 1228 1305 1356 1375; x_wconf 71' lang='lat' dir='ltr'><strong>posterior</strong></span> 
     </span>
     <span class='ocr_line' id='line_1_8' title="bbox 303 1393 1356 1466; baseline 0.003 -20"><span class='ocrx_word' id='word_1_55' title='bbox 303 1393 468 1460; x_wconf 78' lang='lat' dir='ltr'><strong>primitivam</strong></span> <span class='ocrx_word' id='word_1_56' title='bbox 492 1398 551 1452; x_wconf 84' lang='lat' dir='ltr'><strong>vim</strong></span> <span class='ocrx_word' id='word_1_57' title='bbox 574 1399 671 1466; x_wconf 82' lang='lat' dir='ltr'><strong>prioris</strong></span> <span class='ocrx_word' id='word_1_58' title='bbox 688 1396 834 1452; x_wconf 85' lang='lat' dir='ltr'><strong>distinctius</strong></span> <span class='ocrx_word' id='word_1_59' title='bbox 850 1398 982 1460; x_wconf 80' lang='lat' dir='ltr'><strong>declarat,</strong></span> <span class='ocrx_word' id='word_1_60' title='bbox 1011 1413 1037 1448; x_wconf 78' lang='lat' dir='ltr'><strong>v.</strong></span> <span class='ocrx_word' id='word_1_61' title='bbox 1055 1399 1192 1450; x_wconf 76' lang='lat' dir='ltr'><strong>nonatum</strong></span> <span class='ocrx_word' id='word_1_62' title='bbox 1215 1398 1248 1450; x_wconf 90' lang='lat' dir='ltr'><strong>de</strong></span> <span class='ocrx_word' id='word_1_63' title='bbox 1271 1399 1356 1451; x_wconf 77' lang='lat' dir='ltr'><strong>Pam.</strong></span> 
     </span>
     <span class='ocr_line' id='line_1_9' title="bbox 303 1484 1356 1556; baseline 0.002 -18"><span class='ocrx_word' id='word_1_64' title='bbox 303 1484 372 1538; x_wconf 72' lang='lat' dir='ltr'><strong>batt.</strong></span> <span class='ocrx_word' id='word_1_65' title='bbox 392 1486 451 1543; x_wconf 83' lang='lat' dir='ltr'><strong>Vol.</strong></span> <span class='ocrx_word' id='word_1_66' title='bbox 467 1488 489 1539; x_wconf 91' lang='lat' dir='ltr'><strong>l.</strong></span> <span class='ocrx_word' id='word_1_67' title='bbox 506 1506 534 1556; x_wconf 90' lang='lat' dir='ltr'><strong>p.</strong></span> <span class='ocrx_word' id='word_1_68' title='bbox 551 1488 613 1542; x_wconf 82' lang='grc'><strong>418.</strong></span> <span class='ocrx_word' id='word_1_69' title='bbox 638 1517 676 1529; x_wconf 92' lang='grc'>-</span> <span class='ocrx_word' id='word_1_70' title='bbox 699 1491 750 1542; x_wconf 83' lang='lat' dir='ltr'><strong>Hie</strong></span> <span class='ocrx_word' id='word_1_71' title='bbox 767 1489 880 1543; x_wconf 76' lang='lat' dir='ltr'><strong>meritus</strong></span> <span class='ocrx_word' id='word_1_72' title='bbox 897 1487 916 1537; x_wconf 88' lang='lat' dir='ltr'><strong>i.</strong></span> <span class='ocrx_word' id='word_1_73' title='bbox 934 1501 957 1538; x_wconf 81' lang='lat' dir='ltr'><strong>e.</strong></span> <span class='ocrx_word' id='word_1_74' title='bbox 975 1487 1029 1538; x_wconf 88' lang='lat' dir='ltr'><strong>hae</strong></span> <span class='ocrx_word' id='word_1_75' title='bbox 1045 1491 1209 1554; x_wconf 77' lang='lat' dir='ltr'><strong>tempestate,</strong></span> <span class='ocrx_word' id='word_1_76' title='bbox 1227 1503 1280 1553; x_wconf 81' lang='lat' dir='ltr'><strong>qua</strong></span> <span class='ocrx_word' id='word_1_77' title='bbox 1297 1503 1356 1540; x_wconf 87' lang='lat' dir='ltr'><strong>mo-</strong></span> 
     </span>
     <span class='ocr_line' id='line_1_10' title="bbox 302 1571 1356 1646; baseline 0.001 -17"><span class='ocrx_word' id='word_1_78' title='bbox 302 1591 346 1629; x_wconf 81' lang='lat' dir='ltr'><strong>tea</strong></span> <span class='ocrx_word' id='word_1_79' title='bbox 365 1581 421 1628; x_wconf 87' lang='lat' dir='ltr'><strong>tam</strong></span> <span class='ocrx_word' id='word_1_80' title='bbox 439 1577 556 1646; x_wconf 77' lang='lat' dir='ltr'><strong>corrupti</strong></span> <span class='ocrx_word' id='word_1_81' title='bbox 572 1585 648 1642; x_wconf 81' lang='lat' dir='ltr'><strong>sunt3</strong></span> <span class='ocrx_word' id='word_1_82' title='bbox 670 1580 713 1632; x_wconf 73' lang='lat' dir='ltr'><strong>llic</strong></span> <span class='ocrx_word' id='word_1_83' title='bbox 730 1579 802 1630; x_wconf 87' lang='lat' dir='ltr'><strong>enim</strong></span> <span class='ocrx_word' id='word_1_84' title='bbox 818 1571 895 1630; x_wconf 80' lang='lat' dir='ltr'><strong>sensu</strong></span> <span class='ocrx_word' id='word_1_85' title='bbox 911 1576 1067 1646; x_wconf 72' lang='lat' dir='ltr'><strong>praegnanti</strong></span> <span class='ocrx_word' id='word_1_86' title='bbox 1084 1577 1190 1645; x_wconf 80' lang='lat' dir='ltr'><strong>ponitur</strong></span> <span class='ocrx_word' id='word_1_87' title='bbox 1206 1577 1240 1630; x_wconf 87' lang='lat' dir='ltr'><strong>ad</strong></span> <span class='ocrx_word' id='word_1_88' title='bbox 1256 1582 1356 1630; x_wconf 80' lang='lat' dir='ltr'><strong>etatum</strong></span> 
     </span>
    </p>
   </div>
   <div class='ocr_carea' id='block_1_5' title="bbox 302 1659 1454 1738">
    <p class='ocr_par' dir='ltr' id='par_1_6' title="bbox 302 1659 1454 1738">
     <span class='ocr_line' id='line_1_11' title="bbox 302 1659 1454 1738; baseline -0.001 -18"><span class='ocrx_word' id='word_1_89' title='bbox 302 1673 329 1721; x_wconf 88' lang='lat' dir='ltr'><strong>et</strong></span> <span class='ocrx_word' id='word_1_90' title='bbox 352 1669 532 1723; x_wconf 88' lang='lat' dir='ltr'><strong>condicionem</strong></span> <span class='ocrx_word' id='word_1_91' title='bbox 555 1672 703 1738; x_wconf 76' lang='lat' dir='ltr'><strong>proesentis</strong></span> <span class='ocrx_word' id='word_1_92' title='bbox 726 1667 854 1736; x_wconf 82' lang='lat' dir='ltr'><strong>temporie</strong></span> <span class='ocrx_word' id='word_1_93' title='bbox 876 1667 1087 1736; x_wconf 77' lang='lat' dir='ltr'><strong>significandam.</strong></span> <span class='ocrx_word' id='word_1_94' title='bbox 1131 1669 1166 1722; x_wconf 77' lang='lat' dir='ltr'><strong>ct.</strong></span> <span class='ocrx_word' id='word_1_95' title='bbox 1186 1668 1304 1722; x_wconf 78' lang='lat' dir='ltr'><strong>Gronov.</strong></span> <span class='ocrx_word' id='word_1_96' title='bbox 1321 1669 1356 1720; x_wconf 87' lang='lat' dir='ltr'><strong>ad</strong></span> <span class='ocrx_word' id='word_1_97' title='bbox 1450 1659 1454 1667; x_wconf 84' lang='grc'><strong>’</strong></span> 
     </span>
    </p>
   </div>
   <div class='ocr_carea' id='block_1_6' title="bbox 262 1758 1398 2746">
    <p class='ocr_par' dir='ltr' id='par_1_7' title="bbox 262 1758 1398 2746">
     <span class='ocr_line' id='line_1_12' title="bbox 302 1758 1355 1829; baseline -0.002 -17"><span class='ocrx_word' id='word_1_98' title='bbox 302 1758 361 1816; x_wconf 70' lang='lat' dir='ltr'><strong>[liv.</strong></span> <span class='ocrx_word' id='word_1_99' title='bbox 381 1762 464 1826; x_wconf 87' lang='lat' dir='ltr'>XXV,</span> <span class='ocrx_word' id='word_1_100' title='bbox 481 1762 525 1823; x_wconf 74' lang='lat'><strong>40,</strong></span> <span class='ocrx_word' id='word_1_101' title='bbox 542 1761 569 1813; x_wconf 76' lang='lat'><strong>2.</strong></span> <span class='ocrx_word' id='word_1_102' title='bbox 595 1762 661 1814; x_wconf 81' lang='lat' dir='ltr'><strong>inde</strong></span> <span class='ocrx_word' id='word_1_103' title='bbox 677 1762 791 1829; x_wconf 83' lang='lat' dir='ltr'><strong>primum</strong></span> <span class='ocrx_word' id='word_1_104' title='bbox 807 1761 913 1812; x_wconf 83' lang='lat' dir='ltr'><strong>initium</strong></span> <span class='ocrx_word' id='word_1_105' title='bbox 938 1760 1054 1812; x_wconf 79' lang='lat' dir='ltr'><strong>mirandi</strong></span> <span class='ocrx_word' id='word_1_106' title='bbox 1076 1761 1240 1813; x_wconf 58' lang='lat' dir='ltr'><strong>&amp;umorum</strong></span> <span class='ocrx_word' id='word_1_107' title='bbox 1256 1761 1355 1812; x_wconf 83' lang='lat' dir='ltr'><strong>artium</strong></span> 
     </span>
     <span class='ocr_line' id='line_1_13' title="bbox 302 1851 1355 1922; baseline -0.005 -15"><span class='ocrx_word' id='word_1_108' title='bbox 302 1869 399 1921; x_wconf 63' lang='lat' dir='ltr'><strong>wera,</strong></span> <span class='ocrx_word' id='word_1_109' title='bbox 428 1855 601 1922; x_wconf 72' lang='lat' dir='ltr'><strong>licentiaeque</strong></span> <span class='ocrx_word' id='word_1_110' title='bbox 625 1853 704 1905; x_wconf 77' lang='lat' dir='ltr'><strong>licie</strong></span> <span class='ocrx_word' id='word_1_111' title='bbox 728 1870 806 1906; x_wconf 77' lang='lat' dir='ltr'><strong>cacco</strong></span> <span class='ocrx_word' id='word_1_112' title='bbox 829 1855 996 1921; x_wconf 72' lang='lat' dir='ltr'><strong>profaneque</strong></span> <span class='ocrx_word' id='word_1_113' title='bbox 1019 1851 1108 1906; x_wconf 81' lang='lat' dir='ltr'><strong>omnia</strong></span> <span class='ocrx_word' id='word_1_114' title='bbox 1124 1853 1207 1920; x_wconf 79' lang='lat' dir='ltr'><strong>uulgo</strong></span> <span class='ocrx_word' id='word_1_115' title='bbox 1223 1851 1355 1919; x_wconf 77' lang='lat' dir='ltr'><strong>spoliandi</strong></span> 
     </span>
     <span class='ocr_line' id='line_1_14' title="bbox 296 1927 1354 2013; baseline -0.001 -16"><span class='ocrx_word' id='word_1_116' title='bbox 296 1948 403 2013; x_wconf 78' lang='lat' dir='ltr'><strong>sactum</strong></span> <span class='ocrx_word' id='word_1_117' title='bbox 425 1954 474 2000; x_wconf 85' lang='lat' dir='ltr'><strong>eet.</strong></span> <span class='ocrx_word' id='word_1_118' title='bbox 507 1945 543 1998; x_wconf 85' lang='lat' dir='ltr'><strong>id.</strong></span> <span class='ocrx_word' id='word_1_119' title='bbox 563 1927 910 2012; x_wconf 57' lang='lat' dir='ltr'><strong>l·l,4‚‘1u..captcottum</strong></span> <span class='ocrx_word' id='word_1_120' title='bbox 932 1959 1033 2011; x_wconf 71' lang='lat' dir='ltr'><strong>quoque</strong></span> <span class='ocrx_word' id='word_1_121' title='bbox 1058 1959 1122 1996; x_wconf 77' lang='lat' dir='ltr'><strong>seeo</strong></span> <span class='ocrx_word' id='word_1_122' title='bbox 1143 1933 1274 2011; x_wconf 74' lang='lat' dir='ltr'><strong>quadrote</strong></span> <span class='ocrx_word' id='word_1_123' title='bbox 1291 1944 1354 1996; x_wconf 81' lang='lat' dir='ltr'><strong>aod-</strong></span> 
     </span>
     <span class='ocr_line' id='line_1_15' title="bbox 300 2031 1398 2106; baseline -0.003 -17"><span class='ocrx_word' id='word_1_124' title='bbox 300 2043 428 2089; x_wconf 80' lang='lat' dir='ltr'><strong>elruclum</strong></span> <span class='ocrx_word' id='word_1_125' title='bbox 452 2031 505 2104; x_wconf 84' lang='lat' dir='ltr'><strong>ee&#39;t,</strong></span> <span class='ocrx_word' id='word_1_126' title='bbox 535 2053 600 2104; x_wconf 83' lang='lat' dir='ltr'><strong>opue</strong></span> <span class='ocrx_word' id='word_1_127' title='bbox 617 2035 662 2088; x_wconf 81' lang='lat' dir='ltr'><strong>oei</strong></span> <span class='ocrx_word' id='word_1_128' title='bbox 677 2036 706 2088; x_wconf 85' lang='lat' dir='ltr'><strong>in</strong></span> <span class='ocrx_word' id='word_1_129' title='bbox 730 2035 794 2087; x_wconf 82' lang='lat' dir='ltr'><strong>icoc</strong></span> <span class='ocrx_word' id='word_1_130' title='bbox 818 2034 1021 2106; x_wconf 68' lang='lat' dir='ltr'><strong>magnificentia</strong></span> <span class='ocrx_word' id='word_1_131' title='bbox 1042 2035 1115 2087; x_wconf 81' lang='lat' dir='ltr'><strong>urbia</strong></span> <span class='ocrx_word' id='word_1_132' title='bbox 1134 2035 1352 2102; x_wconf 79' lang='lat' dir='ltr'><strong>conspiciendum.</strong></span> <span class='ocrx_word' id='word_1_133' title='bbox 1393 2051 1398 2056; x_wconf 86' lang='grc'><strong><em>·</em></strong></span> 
     </span>
     <span class='ocr_line' id='line_1_16' title="bbox 301 2109 1352 2195; baseline 0.003 -19"><span class='ocrx_word' id='word_1_134' title='bbox 301 2127 338 2179; x_wconf 71' lang='lat' dir='ltr'><strong>ec.</strong></span> <span class='ocrx_word' id='word_1_135' title='bbox 355 2126 496 2179; x_wconf 70' lang='lat' dir='ltr'><strong>oaeneon.</strong></span> <span class='ocrx_word' id='word_1_136' title='bbox 514 2127 548 2178; x_wconf 72' lang='lat' dir='ltr'><strong>aa</strong></span> <span class='ocrx_word' id='word_1_137' title='bbox 566 2126 633 2178; x_wconf 79' lang='lat' dir='ltr'><strong>vni.</strong></span> <span class='ocrx_word' id='word_1_138' title='bbox 652 2127 673 2190; x_wconf 87' lang='lat'><strong>1,</strong></span> <span class='ocrx_word' id='word_1_139' title='bbox 691 2125 734 2192; x_wconf 88' lang='lat'><strong>11,</strong></span> <span class='ocrx_word' id='word_1_140' title='bbox 752 2124 779 2178; x_wconf 78' lang='lat' dir='ltr'><strong>e.</strong></span> <span class='ocrx_word' id='word_1_141' title='bbox 798 2127 869 2178; x_wconf 74' lang='lat' dir='ltr'><strong>eon.</strong></span> <span class='ocrx_word' id='word_1_142' title='bbox 888 2127 923 2178; x_wconf 70' lang='lat' dir='ltr'><strong>aa</strong></span> <span class='ocrx_word' id='word_1_143' title='bbox 940 2125 995 2178; x_wconf 73' lang='lat' dir='ltr'><strong>cu.</strong></span> <span class='ocrx_word' id='word_1_144' title='bbox 1013 2127 1080 2195; x_wconf 71' lang='lat' dir='ltr'><strong>epp.</strong></span> <span class='ocrx_word' id='word_1_145' title='bbox 1099 2109 1133 2177; x_wconf 73' lang='lat' dir='ltr'><strong>ac</strong></span> <span class='ocrx_word' id='word_1_146' title='bbox 1150 2126 1256 2178; x_wconf 67' lang='lat' dir='ltr'><strong>numm.</strong></span> <span class='ocrx_word' id='word_1_147' title='bbox 1274 2127 1309 2190; x_wconf 89' lang='lat' dir='ltr'><strong>n,</strong></span> <span class='ocrx_word' id='word_1_148' title='bbox 1324 2123 1352 2192; x_wconf 76' lang='lat'><strong>5,</strong></span> 
     </span>
     <span class='ocr_line' id='line_1_17' title="bbox 300 2216 1353 2286; baseline 0.002 -18"><span class='ocrx_word' id='word_1_149' title='bbox 300 2216 327 2269; x_wconf 91' lang='lat'><strong>1.</strong></span> <span class='ocrx_word' id='word_1_150' title='bbox 346 2216 448 2285; x_wconf 69' lang='lat' dir='ltr'><strong>(irpeas</strong></span> <span class='ocrx_word' id='word_1_151' title='bbox 464 2218 610 2284; x_wconf 76' lang='lat' dir='ltr'><strong>Praecepit.</strong></span> <span class='ocrx_word' id='word_1_152' title='bbox 628 2217 691 2286; x_wconf 77' lang='lat' dir='ltr'><strong>styli</strong></span> <span class='ocrx_word' id='word_1_153' title='bbox 710 2219 769 2272; x_wconf 82' lang='lat' dir='ltr'><strong>lat.</strong></span> <span class='ocrx_word' id='word_1_154' title='bbox 787 2234 812 2286; x_wconf 91' lang='lat' dir='ltr'><strong>p.</strong></span> <span class='ocrx_word' id='word_1_155' title='bbox 820 2217 863 2270; x_wconf 76' lang='lat'><strong>64.</strong></span> <span class='ocrx_word' id='word_1_156' title='bbox 899 2217 1068 2270; x_wconf 74' lang='lat' dir='ltr'><strong>structuram</strong></span> <span class='ocrx_word' id='word_1_157' title='bbox 1085 2218 1155 2284; x_wconf 85' lang='lat' dir='ltr'><strong>quod</strong></span> <span class='ocrx_word' id='word_1_158' title='bbox 1171 2217 1265 2270; x_wconf 75' lang='lat' dir='ltr'><strong>attinet</strong></span> <span class='ocrx_word' id='word_1_159' title='bbox 1281 2219 1353 2270; x_wconf 79' lang='lat' dir='ltr'><strong>Hec-</strong></span> 
     </span>
     <span class='ocr_line' id='line_1_18' title="bbox 300 2307 1353 2381; baseline 0.002 -21"><span class='ocrx_word' id='word_1_160' title='bbox 300 2308 393 2376; x_wconf 79' lang='lat' dir='ltr'><strong>nogius</strong></span> <span class='ocrx_word' id='word_1_161' title='bbox 408 2307 441 2360; x_wconf 88' lang='lat' dir='ltr'><strong>ad</strong></span> <span class='ocrx_word' id='word_1_162' title='bbox 456 2308 535 2362; x_wconf 83' lang='lat' dir='ltr'><strong>Catil.</strong></span> <span class='ocrx_word' id='word_1_163' title='bbox 548 2327 571 2360; x_wconf 90' lang='lat' dir='ltr'><strong>c.</strong></span> <span class='ocrx_word' id='word_1_164' title='bbox 587 2310 633 2372; x_wconf 86' lang='lat' dir='ltr'><strong>Xl,</strong></span> <span class='ocrx_word' id='word_1_165' title='bbox 651 2309 677 2364; x_wconf 77' lang='lat' dir='ltr'><strong>i.</strong></span> <span class='ocrx_word' id='word_1_166' title='bbox 695 2310 736 2362; x_wconf 84' lang='lat' dir='ltr'><strong>icio</strong></span> <span class='ocrx_word' id='word_1_167' title='bbox 752 2325 883 2381; x_wconf 72' lang='lat' dir='ltr'><strong>monpro</strong></span> <span class='ocrx_word' id='word_1_168' title='bbox 900 2308 1020 2361; x_wconf 80' lang='lat' dir='ltr'><strong>ablativo</strong></span> <span class='ocrx_word' id='word_1_169' title='bbox 1034 2307 1178 2376; x_wconf 83' lang='lat' dir='ltr'><strong>praedicati</strong></span> <span class='ocrx_word' id='word_1_170' title='bbox 1195 2309 1285 2373; x_wconf 86' lang='lat' dir='ltr'><strong>habet,</strong></span> <span class='ocrx_word' id='word_1_171' title='bbox 1304 2310 1353 2377; x_wconf 86' lang='lat' dir='ltr'><strong>qui</strong></span> 
     </span>
     <span class='ocr_line' id='line_1_19' title="bbox 299 2397 1353 2468; baseline 0.002 -16"><span class='ocrx_word' id='word_1_172' title='bbox 299 2400 334 2452; x_wconf 88' lang='lat' dir='ltr'><strong>ad</strong></span> <span class='ocrx_word' id='word_1_173' title='bbox 351 2401 407 2468; x_wconf 81' lang='lat' dir='ltr'><strong>pois</strong></span> <span class='ocrx_word' id='word_1_174' title='bbox 424 2399 569 2467; x_wconf 80' lang='lat' dir='ltr'><strong>pertineat3</strong></span> <span class='ocrx_word' id='word_1_175' title='bbox 587 2400 631 2451; x_wconf 85' lang='lat' dir='ltr'><strong>scd</strong></span> <span class='ocrx_word' id='word_1_176' title='bbox 650 2399 782 2452; x_wconf 72' lang='lat' dir='ltr'><strong>Catilinae</strong></span> <span class='ocrx_word' id='word_1_177' title='bbox 798 2401 873 2452; x_wconf 84' lang='lat' dir='ltr'><strong>locus</strong></span> <span class='ocrx_word' id='word_1_178' title='bbox 889 2399 967 2468; x_wconf 82' lang='lat' dir='ltr'><strong>piene</strong></span> <span class='ocrx_word' id='word_1_179' title='bbox 984 2397 1053 2450; x_wconf 85' lang='lat' dir='ltr'><strong>alius</strong></span> <span class='ocrx_word' id='word_1_180' title='bbox 1071 2406 1119 2462; x_wconf 80' lang='lat' dir='ltr'><strong>cst,</strong></span> <span class='ocrx_word' id='word_1_181' title='bbox 1136 2418 1221 2468; x_wconf 89' lang='lat' dir='ltr'><strong>neque</strong></span> <span class='ocrx_word' id='word_1_182' title='bbox 1238 2402 1353 2455; x_wconf 84' lang='lat' dir='ltr'><strong>omnium</strong></span> 
     </span>
     <span class='ocr_line' id='line_1_20' title="bbox 298 2489 1352 2560; baseline 0 -16"><span class='ocrx_word' id='word_1_183' title='bbox 298 2491 330 2544; x_wconf 78' lang='lat' dir='ltr'><strong>h:</strong></span> <span class='ocrx_word' id='word_1_184' title='bbox 347 2492 366 2544; x_wconf 91' lang='lat' dir='ltr'><strong>l.</strong></span> <span class='ocrx_word' id='word_1_185' title='bbox 384 2492 515 2560; x_wconf 78' lang='lat' dir='ltr'><strong>permittit</strong></span> <span class='ocrx_word' id='word_1_186' title='bbox 536 2489 671 2558; x_wconf 70' lang='lat' dir='ltr'><strong>sequeutia</strong></span> <span class='ocrx_word' id='word_1_187' title='bbox 687 2491 851 2558; x_wconf 78' lang='lat' dir='ltr'><strong>pronominis</strong></span> <span class='ocrx_word' id='word_1_188' title='bbox 877 2491 1057 2558; x_wconf 86' lang='lat' dir='ltr'><strong>praedicatum</strong></span> <span class='ocrx_word' id='word_1_189' title='bbox 1075 2507 1146 2556; x_wconf 85' lang='lat' dir='ltr'><strong>esse,</strong></span> <span class='ocrx_word' id='word_1_190' title='bbox 1178 2509 1247 2560; x_wconf 87' lang='lat' dir='ltr'><strong>quae</strong></span> <span class='ocrx_word' id='word_1_191' title='bbox 1264 2492 1352 2560; x_wconf 83' lang='lat' dir='ltr'><strong>potius</strong></span> 
     </span>
     <span class='ocr_line' id='line_1_21' title="bbox 262 2581 1353 2651; baseline -0.001 -15"><span class='ocrx_word' id='word_1_192' title='bbox 262 2635 272 2642; x_wconf 71' lang='grc'>,</span> <span class='ocrx_word' id='word_1_193' title='bbox 298 2583 410 2638; x_wconf 75' lang='lat' dir='ltr'><strong>ablativi</strong></span> <span class='ocrx_word' id='word_1_194' title='bbox 427 2583 544 2636; x_wconf 83' lang='lat' dir='ltr'><strong>absoluti</strong></span> <span class='ocrx_word' id='word_1_195' title='bbox 560 2587 636 2648; x_wconf 86' lang='lat' dir='ltr'><strong>sunt,</strong></span> <span class='ocrx_word' id='word_1_196' title='bbox 665 2590 695 2636; x_wconf 87' lang='lat' dir='ltr'><strong>ut</strong></span> <span class='ocrx_word' id='word_1_197' title='bbox 712 2584 807 2636; x_wconf 85' lang='lat' dir='ltr'><strong>docent</strong></span> <span class='ocrx_word' id='word_1_198' title='bbox 830 2583 884 2636; x_wconf 84' lang='lat' dir='ltr'><strong>alia</strong></span> <span class='ocrx_word' id='word_1_199' title='bbox 901 2581 1037 2648; x_wconf 81' lang='lat' dir='ltr'><strong>exempla,</strong></span> <span class='ocrx_word' id='word_1_200' title='bbox 1067 2581 1213 2644; x_wconf 66' lang='lat' dir='ltr'><strong>velatum.</strong></span> <span class='ocrx_word' id='word_1_201' title='bbox 1233 2584 1299 2651; x_wconf 84' lang='lat' dir='ltr'><strong>Epp.</strong></span> <span class='ocrx_word' id='word_1_202' title='bbox 1318 2584 1353 2646; x_wconf 85' lang='lat' dir='ltr'><strong>ad</strong></span> 
     </span>
     <span class='ocr_line' id='line_1_22' title="bbox 297 2670 1352 2746; baseline -0.002 -18"><span class='ocrx_word' id='word_1_203' title='bbox 297 2676 377 2730; x_wconf 79' lang='lat' dir='ltr'><strong>nette.</strong></span> <span class='ocrx_word' id='word_1_204' title='bbox 395 2675 429 2741; x_wconf 85' lang='lat' dir='ltr'><strong>X,</strong></span> <span class='ocrx_word' id='word_1_205' title='bbox 447 2675 491 2728; x_wconf 91' lang='lat' dir='ltr'><strong>li.</strong></span> <span class='ocrx_word' id='word_1_206' title='bbox 515 2677 579 2746; x_wconf 79' lang='lat' dir='ltr'><strong>quid</strong></span> <span class='ocrx_word' id='word_1_207' title='bbox 597 2677 666 2735; x_wconf 86' lang='lat' dir='ltr'><strong>enim</strong></span> <span class='ocrx_word' id='word_1_208' title='bbox 682 2677 768 2730; x_wconf 81' lang='lat' dir='ltr'><strong>dicam</strong></span> <span class='ocrx_word' id='word_1_209' title='bbox 786 2675 837 2726; x_wconf 77' lang='lat' dir='ltr'><strong>lece</strong></span> <span class='ocrx_word' id='word_1_210' title='bbox 856 2671 1011 2727; x_wconf 81' lang='lat' dir='ltr'><strong>iuuentute?</strong></span> <span class='ocrx_word' id='word_1_211' title='bbox 1038 2671 1094 2724; x_wconf 85' lang='lat' dir='ltr'><strong>Cic.</strong></span> <span class='ocrx_word' id='word_1_212' title='bbox 1113 2670 1146 2722; x_wconf 92' lang='lat' dir='ltr'><strong>de</strong></span> <span class='ocrx_word' id='word_1_213' title='bbox 1164 2672 1254 2728; x_wconf 83' lang='lat' dir='ltr'><strong>llivin.</strong></span> <span class='ocrx_word' id='word_1_214' title='bbox 1273 2675 1305 2739; x_wconf 89' lang='lat' dir='ltr'><strong>ll,</strong></span> <span class='ocrx_word' id='word_1_215' title='bbox 1324 2675 1352 2736; x_wconf 73' lang='grc'><strong>2,</strong></span> 
     </span>
    </p>
   </div>
   <div class='ocr_carea' id='block_1_7' title="bbox 178 2763 1352 2838">
    <p class='ocr_par' dir='ltr' id='par_1_8' title="bbox 178 2763 1352 2838">
     <span class='ocr_line' id='line_1_23' title="bbox 178 2763 1352 2838; baseline 0.003 -22"><span class='ocrx_word' id='word_1_216' title='bbox 178 2810 180 2816; x_wconf 81' lang='grc'>,</span> <span class='ocrx_word' id='word_1_217' title='bbox 294 2766 323 2819; x_wconf 76' lang='lat' dir='ltr'><strong>d.</strong></span> <span class='ocrx_word' id='word_1_218' title='bbox 344 2768 420 2832; x_wconf 80' lang='lat' dir='ltr'><strong>Quod</strong></span> <span class='ocrx_word' id='word_1_219' title='bbox 437 2763 532 2820; x_wconf 76' lang='lat' dir='ltr'><strong>munuc</strong></span> <span class='ocrx_word' id='word_1_220' title='bbox 548 2769 708 2836; x_wconf 75' lang='lat' dir='ltr'><strong>reipublicae</strong></span> <span class='ocrx_word' id='word_1_221' title='bbox 725 2771 821 2838; x_wconf 77' lang='lat' dir='ltr'><strong>effecte</strong></span> <span class='ocrx_word' id='word_1_222' title='bbox 838 2766 924 2819; x_wconf 80' lang='lat' dir='ltr'><strong>moine</strong></span> <span class='ocrx_word' id='word_1_223' title='bbox 939 2765 1082 2832; x_wconf 77' lang='lat' dir='ltr'><strong>possimne,</strong></span> <span class='ocrx_word' id='word_1_224' title='bbox 1099 2780 1179 2831; x_wconf 80' lang='lat' dir='ltr'><strong>qoam</strong></span> <span class='ocrx_word' id='word_1_225' title='bbox 1191 2767 1215 2816; x_wconf 83' lang='lat' dir='ltr'><strong>ei</strong></span> <span class='ocrx_word' id='word_1_226' title='bbox 1231 2767 1352 2820; x_wconf 74' lang='lat' dir='ltr'><strong>docemus</strong></span> 
     </span>
    </p>
   </div>
   <div class='ocr_carea' id='block_1_8' title="bbox 295 2857 1377 3021">
    <p class='ocr_par' dir='ltr' id='par_1_9' title="bbox 295 2857 1377 3021">
     <span class='ocr_line' id='line_1_24' title="bbox 297 2857 1377 2938; baseline -0.001 -28"><span class='ocrx_word' id='word_1_227' title='bbox 297 2865 377 2927; x_wconf 81' lang='lat' dir='ltr'><strong>atquc</strong></span> <span class='ocrx_word' id='word_1_228' title='bbox 401 2858 533 2912; x_wconf 73' lang='lat' dir='ltr'><strong>erudimus</strong></span> <span class='ocrx_word' id='word_1_229' title='bbox 558 2860 735 2925; x_wconf 85' lang='lat' dir='ltr'><strong>iuuentutem,</strong></span> <span class='ocrx_word' id='word_1_230' title='bbox 764 2860 805 2912; x_wconf 81' lang='lat' dir='ltr'><strong>itis</strong></span> <span class='ocrx_word' id='word_1_231' title='bbox 820 2857 978 2926; x_wconf 80' lang='lat' dir='ltr'><strong>praesertim</strong></span> <span class='ocrx_word' id='word_1_232' title='bbox 1004 2857 1125 2938; x_wconf 52' lang='lat' dir='ltr'><strong>monitae.</strong></span> <span class='ocrx_word' id='word_1_233' title='bbox 1160 2857 1199 2912; x_wconf 90' lang='lat' dir='ltr'><strong>ld.</strong></span> <span class='ocrx_word' id='word_1_234' title='bbox 1217 2858 1250 2908; x_wconf 91' lang='lat' dir='ltr'><strong>de</strong></span> <span class='ocrx_word' id='word_1_235' title='bbox 1266 2858 1349 2927; x_wconf 70' lang='lat' dir='ltr'><strong>legg.</strong></span> <span class='ocrx_word' id='word_1_236' title='bbox 1371 2921 1377 2934; x_wconf 33' lang='grc' dir='ltr'><strong><em>Ι</em></strong></span> 
     </span>
     <span class='ocr_line' id='line_1_25' title="bbox 295 2948 1351 3021; baseline -0.004 -17"><span class='ocrx_word' id='word_1_237' title='bbox 295 2951 348 3017; x_wconf 87' lang='lat'><strong>111,</strong></span> <span class='ocrx_word' id='word_1_238' title='bbox 368 2951 418 3014; x_wconf 82' lang='lat' dir='ltr'><strong>lo,</strong></span> <span class='ocrx_word' id='word_1_239' title='bbox 434 2950 479 3004; x_wconf 79' lang='lat' dir='ltr'><strong>at.</strong></span> <span class='ocrx_word' id='word_1_240' title='bbox 516 2950 576 3003; x_wconf 83' lang='lat' dir='ltr'><strong>Non</strong></span> <span class='ocrx_word' id='word_1_241' title='bbox 590 2951 820 3021; x_wconf 76' lang='lat' dir='ltr'><strong>quidhocpopuio</strong></span> <span class='ocrx_word' id='word_1_242' title='bbox 835 2949 947 3003; x_wconf 75' lang='lat' dir='ltr'><strong>obtineri</strong></span> <span class='ocrx_word' id='word_1_243' title='bbox 963 2948 1060 3014; x_wconf 75' lang='lat' dir='ltr'><strong>poscit,</strong></span> <span class='ocrx_word' id='word_1_244' title='bbox 1086 2948 1132 2999; x_wconf 86' lang='lat' dir='ltr'><strong>ced</strong></span> <span class='ocrx_word' id='word_1_245' title='bbox 1147 2949 1210 3015; x_wconf 76' lang='lat' dir='ltr'><strong>qaid</strong></span> <span class='ocrx_word' id='word_1_246' title='bbox 1223 2950 1351 3016; x_wconf 84' lang='lat' dir='ltr'><strong>optimum</strong></span> 
     </span>
    </p>
   </div>
   <div class='ocr_carea' id='block_1_9' title="bbox 196 3038 1430 3116">
    <p class='ocr_par' dir='ltr' id='par_1_10' title="bbox 196 3038 1430 3116">
     <span class='ocr_line' id='line_1_26' title="bbox 196 3038 1430 3116; baseline -0.002 -24"><span class='ocrx_word' id='word_1_247' title='bbox 196 3087 200 3102; x_wconf 79' lang='grc'>,</span> <span class='ocrx_word' id='word_1_248' title='bbox 295 3043 330 3096; x_wconf 86' lang='lat' dir='ltr'><strong>eit</strong></span> <span class='ocrx_word' id='word_1_249' title='bbox 345 3043 394 3096; x_wconf 80' lang='lat' dir='ltr'><strong>tibi</strong></span> <span class='ocrx_word' id='word_1_250' title='bbox 407 3042 544 3094; x_wconf 83' lang='lat' dir='ltr'><strong>dicendum</strong></span> <span class='ocrx_word' id='word_1_251' title='bbox 556 3050 637 3110; x_wconf 83' lang='lat' dir='ltr'><strong>puto,·</strong></span> <span class='ocrx_word' id='word_1_252' title='bbox 653 3044 701 3095; x_wconf 90' lang='lat' dir='ltr'><strong>ubi</strong></span> <span class='ocrx_word' id='word_1_253' title='bbox 719 3038 884 3095; x_wconf 81' lang='lat' dir='ltr'><strong>Goerenuius</strong></span> <span class='ocrx_word' id='word_1_254' title='bbox 901 3055 1041 3105; x_wconf 76' lang='lat' dir='ltr'><strong>perperam</strong></span> <span class='ocrx_word' id='word_1_255' title='bbox 1059 3038 1227 3105; x_wconf 78' lang='lat' dir='ltr'><strong>perticipium</strong></span> <span class='ocrx_word' id='word_1_256' title='bbox 1244 3056 1293 3105; x_wconf 84' lang='lat' dir='ltr'><strong>per</strong></span> <span class='ocrx_word' id='word_1_257' title='bbox 1309 3041 1350 3091; x_wconf 87' lang='lat' dir='ltr'><strong>el·</strong></span> <span class='ocrx_word' id='word_1_258' title='bbox 1426 3107 1430 3116; x_wconf 28' lang='lat'>¹</span> 
     </span>
    </p>
   </div>
   <div class='ocr_carea' id='block_1_10' title="bbox 178 3130 1385 4389">
    <p class='ocr_par' dir='ltr' id='par_1_11' title="bbox 178 3130 1385 4389">
     <span class='ocr_line' id='line_1_27' title="bbox 295 3130 1350 3204; baseline -0.005 -15"><span class='ocrx_word' id='word_1_259' title='bbox 295 3131 374 3204; x_wconf 76' lang='lat' dir='ltr'><strong>lipsio</strong></span> <span class='ocrx_word' id='word_1_260' title='bbox 390 3133 592 3204; x_wconf 80' lang='lat' dir='ltr'><strong>intelligendum</strong></span> <span class='ocrx_word' id='word_1_261' title='bbox 610 3140 713 3198; x_wconf 87' lang='lat' dir='ltr'><strong>censet,</strong></span> <span class='ocrx_word' id='word_1_262' title='bbox 730 3151 767 3186; x_wconf 87' lang='lat' dir='ltr'><strong>sc.</strong></span> <span class='ocrx_word' id='word_1_263' title='bbox 781 3133 821 3186; x_wconf 81' lang='lat' dir='ltr'><strong>ito</strong></span> <span class='ocrx_word' id='word_1_264' title='bbox 836 3139 946 3182; x_wconf 78' lang='lat' dir='ltr'><strong>morato.</strong></span> <span class='ocrx_word' id='word_1_265' title='bbox 982 3130 1049 3196; x_wconf 82' lang='lat' dir='ltr'><strong>Quia</strong></span> <span class='ocrx_word' id='word_1_266' title='bbox 1065 3131 1135 3183; x_wconf 89' lang='lat' dir='ltr'><strong>enim</strong></span> <span class='ocrx_word' id='word_1_267' title='bbox 1152 3146 1203 3182; x_wconf 89' lang='lat' dir='ltr'><strong>uon</strong></span> <span class='ocrx_word' id='word_1_268' title='bbox 1220 3130 1293 3183; x_wconf 84' lang='lat' dir='ltr'><strong>videt</strong></span> <span class='ocrx_word' id='word_1_269' title='bbox 1307 3131 1350 3184; x_wconf 84' lang='lat' dir='ltr'><strong>ltio</strong></span> 
     </span>
     <span class='ocr_line' id='line_1_28' title="bbox 294 3220 1349 3296; baseline -0.007 -16"><span class='ocrx_word' id='word_1_270' title='bbox 294 3228 478 3296; x_wconf 77' lang='lat' dir='ltr'><strong>praedicatum</strong></span> <span class='ocrx_word' id='word_1_271' title='bbox 495 3224 569 3278; x_wconf 79' lang='lat' dir='ltr'><strong>esse?</strong></span> <span class='ocrx_word' id='word_1_272' title='bbox 590 3225 777 3277; x_wconf 78' lang='lat' dir='ltr'><strong>Ablntivorum</strong></span> <span class='ocrx_word' id='word_1_273' title='bbox 793 3227 884 3274; x_wconf 78' lang='lat' dir='ltr'><strong>aunem</strong></span> <span class='ocrx_word' id='word_1_274' title='bbox 902 3220 972 3273; x_wconf 83' lang='lat' dir='ltr'><strong>ratio</strong></span> <span class='ocrx_word' id='word_1_275' title='bbox 989 3237 1021 3273; x_wconf 86' lang='lat' dir='ltr'><strong>ea</strong></span> <span class='ocrx_word' id='word_1_276' title='bbox 1038 3228 1086 3284; x_wconf 86' lang='lat' dir='ltr'><strong>est,</strong></span> <span class='ocrx_word' id='word_1_277' title='bbox 1104 3237 1184 3289; x_wconf 87' lang='lat' dir='ltr'><strong>quam</strong></span> <span class='ocrx_word' id='word_1_278' title='bbox 1201 3222 1349 3277; x_wconf 80' lang='lat' dir='ltr'><strong>illustraui-</strong></span> 
     </span>
     <span class='ocr_line' id='line_1_29' title="bbox 294 3307 1348 3382; baseline -0.004 -10"><span class='ocrx_word' id='word_1_279' title='bbox 294 3337 354 3372; x_wconf 82' lang='lat' dir='ltr'><strong>mua</strong></span> <span class='ocrx_word' id='word_1_280' title='bbox 371 3319 404 3372; x_wconf 87' lang='lat' dir='ltr'><strong>ad</strong></span> <span class='ocrx_word' id='word_1_281' title='bbox 422 3319 482 3370; x_wconf 68' lang='lat' dir='ltr'><strong>cit.</strong></span> <span class='ocrx_word' id='word_1_282' title='bbox 501 3318 548 3382; x_wconf 91' lang='lat' dir='ltr'><strong>Xl,</strong></span> <span class='ocrx_word' id='word_1_283' title='bbox 569 3317 596 3372; x_wconf 82' lang='lat'><strong>4.</strong></span> <span class='ocrx_word' id='word_1_284' title='bbox 618 3317 744 3380; x_wconf 87' lang='lat' dir='ltr'>XXXlX,</span> <span class='ocrx_word' id='word_1_285' title='bbox 761 3315 787 3367; x_wconf 81' lang='lat'><strong>3.</strong></span> <span class='ocrx_word' id='word_1_286' title='bbox 816 3315 875 3382; x_wconf 81' lang='lat' dir='ltr'><strong>lug.</strong></span> <span class='ocrx_word' id='word_1_287' title='bbox 892 3311 987 3378; x_wconf 71' lang='lat' dir='ltr'><strong>iil-111,</strong></span> <span class='ocrx_word' id='word_1_288' title='bbox 1012 3311 1040 3367; x_wconf 76' lang='lat'><strong>5.</strong></span> <span class='ocrx_word' id='word_1_289' title='bbox 1073 3307 1205 3366; x_wconf 63' lang='lat' dir='ltr'><strong>ci&#39;Boier</strong></span> <span class='ocrx_word' id='word_1_290' title='bbox 1224 3313 1258 3365; x_wconf 85' lang='lat' dir='ltr'><strong>ed</strong></span> <span class='ocrx_word' id='word_1_291' title='bbox 1275 3315 1348 3368; x_wconf 79' lang='lat' dir='ltr'><strong>lael.</strong></span> 
     </span>
     <span class='ocr_line' id='line_1_30' title="bbox 294 3404 1365 3473; baseline -0.007 -10"><span class='ocrx_word' id='word_1_292' title='bbox 294 3407 338 3473; x_wconf 78' lang='lat'><strong>15,</strong></span> <span class='ocrx_word' id='word_1_293' title='bbox 356 3404 400 3462; x_wconf 73' lang='lat'><strong>54&#39;.</strong></span> <span class='ocrx_word' id='word_1_294' title='bbox 427 3409 491 3462; x_wconf 86' lang='lat' dir='ltr'><strong>Otto</strong></span> <span class='ocrx_word' id='word_1_295' title='bbox 508 3410 543 3460; x_wconf 89' lang='lat' dir='ltr'><strong>ad</strong></span> <span class='ocrx_word' id='word_1_296' title='bbox 561 3408 616 3460; x_wconf 81' lang='lat' dir='ltr'><strong>(lic.</strong></span> <span class='ocrx_word' id='word_1_297' title='bbox 634 3410 668 3459; x_wconf 89' lang='lat' dir='ltr'><strong>de</strong></span> <span class='ocrx_word' id='word_1_298' title='bbox 686 3409 761 3460; x_wconf 82' lang='lat' dir='ltr'><strong>Fine.</strong></span> <span class='ocrx_word' id='word_1_299' title='bbox 780 3408 802 3472; x_wconf 91' lang='lat' dir='ltr'><strong>l,</strong></span> <span class='ocrx_word' id='word_1_300' title='bbox 819 3406 864 3468; x_wconf 85' lang='lat' dir='ltr'><strong>lo,</strong></span> <span class='ocrx_word' id='word_1_301' title='bbox 881 3405 926 3457; x_wconf 77' lang='lat'><strong>33.</strong></span> <span class='ocrx_word' id='word_1_302' title='bbox 945 3431 979 3444; x_wconf 87' lang='lat'><strong>·-·</strong></span> <span class='ocrx_word' id='word_1_303' title='bbox 1006 3405 1067 3457; x_wconf 87' lang='lat' dir='ltr'><strong>Non</strong></span> <span class='ocrx_word' id='word_1_304' title='bbox 1083 3405 1215 3473; x_wconf 82' lang='lat' dir='ltr'><strong>probitate</strong></span> <span class='ocrx_word' id='word_1_305' title='bbox 1232 3421 1284 3472; x_wconf 89' lang='lat' dir='ltr'><strong>qna</strong></span> <span class='ocrx_word' id='word_1_306' title='bbox 1301 3420 1365 3466; x_wconf 70' lang='lat' dir='ltr'><strong>ca-¹</strong></span> 
     </span>
     <span class='ocr_line' id='line_1_31' title="bbox 293 3493 1347 3566; baseline -0.006 -12"><span class='ocrx_word' id='word_1_307' title='bbox 293 3499 366 3554; x_wconf 88' lang='lat' dir='ltr'><strong>tione</strong></span> <span class='ocrx_word' id='word_1_308' title='bbox 381 3500 514 3552; x_wconf 77' lang='lat' dir='ltr'><strong>celeratur</strong></span> <span class='ocrx_word' id='word_1_309' title='bbox 530 3499 563 3551; x_wconf 86' lang='lat' dir='ltr'><strong>ad</strong></span> <span class='ocrx_word' id='word_1_310' title='bbox 581 3515 737 3566; x_wconf 73' lang='lat' dir='ltr'><strong>praegressa</strong></span> <span class='ocrx_word' id='word_1_311' title='bbox 750 3496 911 3550; x_wconf 79' lang='lat' dir='ltr'><strong>ostendimus</strong></span> <span class='ocrx_word' id='word_1_312' title='bbox 922 3496 956 3547; x_wconf 87' lang='lat' dir='ltr'><strong>ed</strong></span> <span class='ocrx_word' id='word_1_313' title='bbox 973 3497 1050 3548; x_wconf 84' lang='lat' dir='ltr'><strong>Cutil.</strong></span> <span class='ocrx_word' id='word_1_314' title='bbox 1061 3513 1085 3548; x_wconf 89' lang='lat' dir='ltr'><strong>o.</strong></span> <span class='ocrx_word' id='word_1_315' title='bbox 1100 3497 1155 3562; x_wconf 85' lang='lat' dir='ltr'><strong>LIl,</strong></span> <span class='ocrx_word' id='word_1_316' title='bbox 1174 3493 1217 3548; x_wconf 74' lang='lat'><strong>1⁶.</strong></span> <span class='ocrx_word' id='word_1_317' title='bbox 1237 3513 1262 3563; x_wconf 89' lang='lat' dir='ltr'><strong>p.</strong></span> <span class='ocrx_word' id='word_1_318' title='bbox 1275 3496 1347 3562; x_wconf 75' lang='lat' dir='ltr'><strong>tta,</strong></span> 
     </span>
     <span class='ocr_line' id='line_1_32' title="bbox 226 3587 1385 3658; baseline -0.007 -15"><span class='ocrx_word' id='word_1_319' title='bbox 226 3596 229 3601; x_wconf 81' lang='grc'><em>“</em></span> <span class='ocrx_word' id='word_1_320' title='bbox 294 3589 342 3644; x_wconf 84' lang='lat' dir='ltr'><strong>ubi</strong></span> <span class='ocrx_word' id='word_1_321' title='bbox 358 3590 439 3642; x_wconf 87' lang='lat' dir='ltr'><strong>simul</strong></span> <span class='ocrx_word' id='word_1_322' title='bbox 456 3588 595 3658; x_wconf 75' lang='lat' dir='ltr'><strong>tetigimus</strong></span> <span class='ocrx_word' id='word_1_323' title='bbox 621 3590 703 3641; x_wconf 84' lang='lat' dir='ltr'><strong>verbo</strong></span> <span class='ocrx_word' id='word_1_324' title='bbox 718 3593 743 3654; x_wconf 67' lang='grc' dir='ltr'><strong>ς.</strong></span> <span class='ocrx_word' id='word_1_325' title='bbox 761 3588 787 3642; x_wconf 82' lang='grc'><strong>8.</strong></span> <span class='ocrx_word' id='word_1_326' title='bbox 815 3606 847 3640; x_wconf 84' lang='lat' dir='ltr'><strong>oe</strong></span> <span class='ocrx_word' id='word_1_327' title='bbox 867 3604 920 3638; x_wconf 81' lang='lat' dir='ltr'><strong>non</strong></span> <span class='ocrx_word' id='word_1_328' title='bbox 937 3587 1047 3652; x_wconf 77' lang='lat' dir='ltr'><strong>perinde</strong></span> <span class='ocrx_word' id='word_1_329' title='bbox 1068 3593 1119 3638; x_wconf 90' lang='lat' dir='ltr'><strong>etc.</strong></span> <span class='ocrx_word' id='word_1_330' title='bbox 1144 3617 1179 3628; x_wconf 91' lang='grc'><strong>-</strong></span> <span class='ocrx_word' id='word_1_331' title='bbox 1202 3588 1255 3639; x_wconf 80' lang='lat' dir='ltr'><strong>l’ro</strong></span> <span class='ocrx_word' id='word_1_332' title='bbox 1278 3588 1348 3640; x_wconf 77' lang='lat' dir='ltr'><strong>soliti</strong></span> <span class='ocrx_word' id='word_1_333' title='bbox 1380 3631 1385 3635; x_wconf 87' lang='lat'>.</span> 
     </span>
     <span class='ocr_line' id='line_1_33' title="bbox 294 3676 1347 3748; baseline -0.003 -14"><span class='ocrx_word' id='word_1_334' title='bbox 294 3689 371 3734; x_wconf 73' lang='lat' dir='ltr'><strong>mont</strong></span> <span class='ocrx_word' id='word_1_335' title='bbox 388 3685 528 3748; x_wconf 80' lang='lat' dir='ltr'><strong>¹exspectes</strong></span> <span class='ocrx_word' id='word_1_336' title='bbox 551 3679 640 3747; x_wconf 81' lang='lat' dir='ltr'><strong>potius</strong></span> <span class='ocrx_word' id='word_1_337' title='bbox 663 3679 863 3748; x_wconf 71' lang='lat' dir='ltr'><strong>irmceriectum‚</strong></span> <span class='ocrx_word' id='word_1_338' title='bbox 892 3677 1016 3744; x_wconf 84' lang='lat' dir='ltr'><strong>quoniam</strong></span> <span class='ocrx_word' id='word_1_339' title='bbox 1033 3677 1176 3731; x_wconf 82' lang='lat' dir='ltr'><strong>Sallustius</strong></span> <span class='ocrx_word' id='word_1_340' title='bbox 1199 3676 1227 3730; x_wconf 91' lang='lat' dir='ltr'><strong>id</strong></span> <span class='ocrx_word' id='word_1_341' title='bbox 1243 3684 1347 3744; x_wconf 85' lang='lat' dir='ltr'><strong>tempus</strong></span> 
     </span>
     <span class='ocr_line' id='line_1_34' title="bbox 293 3768 1346 3841; baseline -0.003 -16"><span class='ocrx_word' id='word_1_342' title='bbox 293 3771 443 3841; x_wconf 81' lang='lat' dir='ltr'><strong>significet,</strong></span> <span class='ocrx_word' id='word_1_343' title='bbox 470 3772 541 3837; x_wconf 80' lang='lat' dir='ltr'><strong>quod</strong></span> <span class='ocrx_word' id='word_1_344' title='bbox 564 3785 641 3822; x_wconf 87' lang='lat' dir='ltr'><strong>suum</strong></span> <span class='ocrx_word' id='word_1_345' title='bbox 666 3775 860 3838; x_wconf 77' lang='lat' dir='ltr'><strong>praecesserat,</strong></span> <span class='ocrx_word' id='word_1_346' title='bbox 889 3785 941 3821; x_wconf 89' lang='lat' dir='ltr'><strong>uon</strong></span> <span class='ocrx_word' id='word_1_347' title='bbox 964 3769 1035 3836; x_wconf 84' lang='lat' dir='ltr'><strong>quod</strong></span> <span class='ocrx_word' id='word_1_348' title='bbox 1058 3768 1200 3836; x_wconf 83' lang='lat' dir='ltr'><strong>praeterito</strong></span> <span class='ocrx_word' id='word_1_349' title='bbox 1231 3769 1346 3836; x_wconf 85' lang='lat' dir='ltr'><strong>quodam</strong></span> 
     </span>
     <span class='ocr_line' id='line_1_35' title="bbox 293 3851 1344 3938; baseline -0.001 -23"><span class='ocrx_word' id='word_1_350' title='bbox 293 3859 367 3938; x_wconf 80' lang='lat' dir='ltr'><strong>prius</strong></span> <span class='ocrx_word' id='word_1_351' title='bbox 390 3862 486 3916; x_wconf 78' lang='lat' dir='ltr'><strong>fuerat.</strong></span> <span class='ocrx_word' id='word_1_352' title='bbox 531 3861 585 3914; x_wconf 88' lang='lat' dir='ltr'><strong>Sed</strong></span> <span class='ocrx_word' id='word_1_353' title='bbox 610 3861 727 3914; x_wconf 85' lang='lat' dir='ltr'><strong>eiusdem</strong></span> <span class='ocrx_word' id='word_1_354' title='bbox 750 3851 853 3930; x_wconf 63' lang='lat' dir='ltr'><strong>genonis</strong></span> <span class='ocrx_word' id='word_1_355' title='bbox 875 3858 981 3916; x_wconf 80' lang='lat' dir='ltr'><strong>videtur</strong></span> <span class='ocrx_word' id='word_1_356' title='bbox 995 3861 1086 3924; x_wconf 88' lang='lat' dir='ltr'><strong>iocus,</strong></span> <span class='ocrx_word' id='word_1_357' title='bbox 1119 3861 1246 3913; x_wconf 70' lang='lat' dir='ltr'><strong>tuentii.</strong></span> <span class='ocrx_word' id='word_1_358' title='bbox 1265 3861 1344 3924; x_wconf 79' lang='lat' dir='ltr'><strong>[u‚l.</strong></span> 
     </span>
     <span class='ocr_line' id='line_1_36' title="bbox 294 3951 1346 4022; baseline -0.003 -16"><span class='ocrx_word' id='word_1_359' title='bbox 294 3973 321 4022; x_wconf 89' lang='lat' dir='ltr'><strong>p.</strong></span> <span class='ocrx_word' id='word_1_360' title='bbox 338 3953 415 4018; x_wconf 65' lang='lat'><strong>232,</strong></span> <span class='ocrx_word' id='word_1_361' title='bbox 442 3952 489 4005; x_wconf 88' lang='lat' dir='ltr'><strong>ubi</strong></span> <span class='ocrx_word' id='word_1_362' title='bbox 512 3953 643 4020; x_wconf 84' lang='lat' dir='ltr'><strong>quomodo</strong></span> <span class='ocrx_word' id='word_1_363' title='bbox 668 3952 874 4021; x_wconf 74' lang='lat' dir='ltr'><strong>plusquamperi.</strong></span> <span class='ocrx_word' id='word_1_364' title='bbox 901 3954 969 4004; x_wconf 80' lang='lat' dir='ltr'><strong>colec</strong></span> <span class='ocrx_word' id='word_1_365' title='bbox 994 3951 1069 4005; x_wconf 81' lang='lat' dir='ltr'><strong>verbi</strong></span> <span class='ocrx_word' id='word_1_366' title='bbox 1092 3951 1175 4018; x_wconf 83' lang='lat' dir='ltr'><strong>possit</strong></span> <span class='ocrx_word' id='word_1_367' title='bbox 1195 3951 1346 4017; x_wconf 74' lang='lat' dir='ltr'><strong>imperfecti</strong></span> 
     </span>
     <span class='ocr_line' id='line_1_37' title="bbox 294 4041 1346 4111; baseline -0.001 -15"><span class='ocrx_word' id='word_1_368' title='bbox 294 4045 349 4096; x_wconf 87' lang='lat' dir='ltr'><strong>vim</strong></span> <span class='ocrx_word' id='word_1_369' title='bbox 367 4044 486 4097; x_wconf 79' lang='lat' dir='ltr'><strong>obtinere</strong></span> <span class='ocrx_word' id='word_1_370' title='bbox 502 4043 671 4096; x_wconf 84' lang='lat' dir='ltr'><strong>ostendimus.</strong></span> <span class='ocrx_word' id='word_1_371' title='bbox 689 4073 724 4084; x_wconf 83' lang='lat'><em>-</em></span> <span class='ocrx_word' id='word_1_372' title='bbox 742 4045 931 4108; x_wconf 81' lang='lat' dir='ltr'><strong>Latrocinium,</strong></span> <span class='ocrx_word' id='word_1_373' title='bbox 947 4062 1000 4111; x_wconf 86' lang='lat' dir='ltr'><strong>quo</strong></span> <span class='ocrx_word' id='word_1_374' title='bbox 1013 4043 1142 4096; x_wconf 84' lang='lat' dir='ltr'><strong>voceimlo</strong></span> <span class='ocrx_word' id='word_1_375' title='bbox 1155 4041 1242 4096; x_wconf 76' lang='lat' dir='ltr'><strong>Latini</strong></span> <span class='ocrx_word' id='word_1_376' title='bbox 1259 4048 1346 4095; x_wconf 82' lang='lat' dir='ltr'><strong>trena-</strong></span> 
     </span>
     <span class='ocr_line' id='line_1_38' title="bbox 293 4133 1345 4205; baseline -0.002 -17"><span class='ocrx_word' id='word_1_377' title='bbox 293 4137 348 4188; x_wconf 88' lang='lat' dir='ltr'><strong>iato</strong></span> <span class='ocrx_word' id='word_1_378' title='bbox 365 4152 442 4190; x_wconf 83' lang='lat' dir='ltr'><strong>sensu</strong></span> <span class='ocrx_word' id='word_1_379' title='bbox 458 4141 567 4188; x_wconf 82' lang='lat' dir='ltr'><strong>utuntur</strong></span> <span class='ocrx_word' id='word_1_380' title='bbox 582 4135 616 4189; x_wconf 79' lang='lat' dir='ltr'><strong>od</strong></span> <span class='ocrx_word' id='word_1_381' title='bbox 633 4133 762 4190; x_wconf 83' lang='lat' dir='ltr'><strong>invidiam</strong></span> <span class='ocrx_word' id='word_1_382' title='bbox 778 4137 938 4199; x_wconf 82' lang='lat' dir='ltr'><strong>faciendam,</strong></span> <span class='ocrx_word' id='word_1_383' title='bbox 955 4135 1088 4205; x_wconf 75' lang='lat' dir='ltr'><strong>siguificat</strong></span> <span class='ocrx_word' id='word_1_384' title='bbox 1105 4133 1192 4187; x_wconf 84' lang='lat' dir='ltr'><strong>males</strong></span> <span class='ocrx_word' id='word_1_385' title='bbox 1208 4141 1288 4197; x_wconf 80' lang='lat' dir='ltr'><strong>artes,</strong></span> <span class='ocrx_word' id='word_1_386' title='bbox 1303 4133 1345 4187; x_wconf 89' lang='lat' dir='ltr'><strong>in-</strong></span> 
     </span>
     <span class='ocr_line' id='line_1_39' title="bbox 294 4225 1345 4294; baseline -0.002 -14"><span class='ocrx_word' id='word_1_387' title='bbox 294 4225 384 4292; x_wconf 82' lang='lat' dir='ltr'><strong>aldim,</strong></span> <span class='ocrx_word' id='word_1_388' title='bbox 400 4227 454 4280; x_wconf 83' lang='lat' dir='ltr'><strong>eim</strong></span> <span class='ocrx_word' id='word_1_389' title='bbox 469 4227 613 4290; x_wconf 64' lang='lat' dir='ltr'><strong>inimicicie</strong></span> <span class='ocrx_word' id='word_1_390' title='bbox 637 4227 674 4281; x_wconf 86' lang='lat' dir='ltr'><strong>cl.</strong></span> <span class='ocrx_word' id='word_1_391' title='bbox 691 4228 746 4280; x_wconf 86' lang='lat' dir='ltr'><strong>Cic.</strong></span> <span class='ocrx_word' id='word_1_392' title='bbox 764 4245 792 4294; x_wconf 90' lang='lat' dir='ltr'><strong>p.</strong></span> <span class='ocrx_word' id='word_1_393' title='bbox 810 4228 890 4280; x_wconf 82' lang='lat' dir='ltr'><strong>Rosc.</strong></span> <span class='ocrx_word' id='word_1_394' title='bbox 908 4227 966 4280; x_wconf 78' lang='lat' dir='ltr'><strong>Am.</strong></span> <span class='ocrx_word' id='word_1_395' title='bbox 984 4243 1008 4278; x_wconf 89' lang='lat' dir='ltr'><strong>e.</strong></span> <span class='ocrx_word' id='word_1_396' title='bbox 1027 4225 1133 4292; x_wconf 76' lang='grc'><strong>22,61.</strong></span> <span class='ocrx_word' id='word_1_397' title='bbox 1152 4225 1280 4294; x_wconf 79' lang='lat' dir='ltr'><strong>Confitere</strong></span> <span class='ocrx_word' id='word_1_398' title='bbox 1294 4225 1345 4278; x_wconf 76' lang='lat' dir='ltr'><strong>leue</strong></span> 
     </span>
     <span class='ocr_line' id='line_1_40' title="bbox 178 4315 1344 4389; baseline 0.002 -17"><span class='ocrx_word' id='word_1_399' title='bbox 178 4386 182 4389; x_wconf 17' lang='grc' dir='ltr'><strong><em>Δ</em></strong></span> <span class='ocrx_word' id='word_1_400' title='bbox 244 4367 246 4372; x_wconf 94' lang='grc'><strong>.</strong></span> <span class='ocrx_word' id='word_1_401' title='bbox 296 4335 328 4373; x_wconf 86' lang='lat' dir='ltr'><strong>eu</strong></span> <span class='ocrx_word' id='word_1_402' title='bbox 340 4337 386 4389; x_wconf 82' lang='lat' dir='ltr'><strong>ape</strong></span> <span class='ocrx_word' id='word_1_403' title='bbox 400 4320 518 4384; x_wconf 67' lang='lat' dir='ltr'><strong>verucae,</strong></span> <span class='ocrx_word' id='word_1_404' title='bbox 535 4318 604 4388; x_wconf 77' lang='lat' dir='ltr'><strong>quod</strong></span> <span class='ocrx_word' id='word_1_405' title='bbox 616 4325 728 4387; x_wconf 77' lang='lat' dir='ltr'><strong>pateret</strong></span> <span class='ocrx_word' id='word_1_406' title='bbox 740 4319 783 4370; x_wconf 75' lang='lat' dir='ltr'><strong>lic</strong></span> <span class='ocrx_word' id='word_1_407' title='bbox 795 4315 978 4382; x_wconf 80' lang='lat' dir='ltr'><strong>latrocinium,</strong></span> <span class='ocrx_word' id='word_1_408' title='bbox 994 4335 1047 4371; x_wconf 84' lang='lat' dir='ltr'><strong>mn</strong></span> <span class='ocrx_word' id='word_1_409' title='bbox 1058 4318 1200 4383; x_wconf 82' lang='lat' dir='ltr'><strong>iodicium,</strong></span> <span class='ocrx_word' id='word_1_410' title='bbox 1211 4320 1344 4385; x_wconf 78' lang='lat' dir='ltr'><strong>futurum.</strong></span> 
     </span>
    </p>
   </div>
   <div class='ocr_carea' id='block_1_11' title="bbox 0 0 1510 4960">
    <p class='ocr_par' dir='ltr' id='par_1_12' title="bbox 0 0 1510 4960">
     <span class='ocr_line' id='line_1_41' title="bbox 0 0 1510 4960; baseline 0 4"><span class='ocrx_word' id='word_1_411' title='bbox 0 0 1510 4960; x_wconf 95' lang='lat' dir='ltr'><strong> </strong></span> 
     </span>
    </p>
   </div>
  </div>
 </body>
</html>
