3012 4960
307 444 366 544 oo
592 479 628 544 o.
651 477 898 546 sounusul
919 475 1085 546 cursor

308 623 531 721 incenatum
559 657 800 746 pervenerint,
842 654 1002 748 prolecto
1036 628 1272 728 exiitimabunt
1304 675 1361 722 me

307 797 420 889 magis
441 799 561 867 merito
588 822 691 890 quam
715 801 854 893 ignavia
877 799 1042 870 iudicium
1065 773 1170 866 animi
1194 799 1361 868 mcimu-

214 955 217 962 '
307 935 452 1032 moiseo,
479 945 655 1036 maiusque
679 946 898 1015 commodum
925 969 967 1016 ex
992 945 1063 1014 otio
1088 967 1167 1014 meo
1192 967 1298 1036 quam
1319 967 1363 1014 ex

308 1172 401 1226 eodem
425 1175 609 1230 mundatione
631 1177 746 1232 mumvit
768 1177 852 1233 etiam
874 1177 930 1232 tic.
955 1178 1021 1248 Eup.
1046 1177 1080 1232 ad
1102 1178 1183 1232 Attio.
1205 1179 1234 1242 Ι,
1251 1177 1278 1229 l.
1295 1181 1360 1230 extr.

313 1265 392 1318 Video
408 1267 492 1334 enim,
515 1270 544 1322 ia
557 1286 606 1336 qao
621 1287 699 1322 caron
716 1287 850 1334 eumue,
867 1279 894 1324 et
906 1287 987 1339 auam
1004 1286 1092 1324 amaea
1103 1272 1209 1340 gratior
1220 1287 1272 1320 aaa
1285 1269 1362 1322 mode

307 1357 470 1426 retinendae,
486 1357 673 1414 verumetiam
688 1361 861 1430 mquireadao
874 1367 1048 1429 putemur.
1082 1361 1192 1414 Poterat
1209 1375 1272 1414 eane
1289 1359 1371 1412 dice-=

307 1463 337 1500 re
354 1450 451 1513 eim-ue,
474 1449 520 1501 ocd
537 1457 567 1504 ut
583 1468 673 1504 rerum
690 1452 887 1514 condicionem,
909 1450 996 1518 qualia
1014 1456 1159 1514 tumeret,
1184 1451 1265 1516 plone
1284 1465 1363 1516 prae-

307 1543 409 1592 rentem
426 1539 549 1604 eiateret,
567 1556 656 1592 eumue
672 1540 813 1608 praetulit3
833 1538 939 1608 gratiae
957 1555 1021 1594 vero
1038 1540 1156 1594 studium
1173 1547 1302 1607 quautam
1320 1557 1362 1591 co-

307 1634 347 1682 oet
364 1629 427 1697 quia
441 1630 544 1684 Atticae
562 1630 704 1701 cogitando
722 1635 824 1684 tautum
843 1631 949 1698 assequi
970 1637 1091 1698 poterat,
1114 1628 1288 1697 nequeenim
1305 1633 1362 1680 etu-

307 1720 347 1773 dli
370 1721 525 1791 magnitudo
549 1739 597 1790 per
619 1740 647 1776 oe
668 1726 754 1789 potest
777 1720 907 1788 spectari,
931 1739 984 1774 non
1008 1725 1112 1788 potarat
1127 1720 1180 1773 uiri
1196 1718 1362 1772 coniunctivo

308 1813 448 1870 declarari.
483 1813 558 1867 (lael.
583 1813 632 1880 (io
649 1813 706 1865 Cic.
725 1813 793 1880 Eup.
811 1813 846 1864 ad
863 1813 970 1865 Fomm.
987 1811 1036 1866 iilo.
1055 1811 1146 1878 vul.)
1172 1813 1223 1879 Ep.
1239 1812 1262 1876 l,
1278 1810 1304 1864 4.
1332 1812 1363 1863 Si

308 1904 372 1974 quid
385 1906 472 1958 malae
487 1910 575 1958 actum
589 1903 655 1968 crit,
673 1910 701 1957 et
713 1904 930 1972 quemadmodum
948 1910 1065 1956 actum
1083 1902 1149 1965 eit,
1174 1910 1201 1955 et
1219 1917 1288 1970 quae
1307 1902 1360 1954 eoi-

308 1997 426 2050 etimatio
447 2005 552 2059 necata,
575 2010 694 2064 quaeque
709 1995 742 2048 de
758 2011 787 2047 ea
802 2011 861 2062 epea
879 2003 930 2048 cet
947 1995 1092 2064 diligenter
1103 1994 1153 2047 titi
1163 1989 1360 2062 pmcribemne.

307 2083 372 2137 Ter.
389 2086 471 2140 Andr.
488 2084 533 2150 IV,
549 2085 577 2151 1,
597 2085 641 2140 26.
661 2085 754 2138 Nescio
770 2086 876 2154 quantia
892 2085 921 2137 ia
935 2086 1014 2139 malie
1030 2101 1149 2138 vereor
1165 2087 1259 2148 miser,
1276 2099 1362 2153 quart-

308 2184 399 2246 tarque
418 2177 461 2232 aa
480 2178 535 2231 ocio
552 2165 666 2229 consiliio
682 2175 750 2229 mili
769 2176 923 2243 confecit
940 2168 1143 2239 oolliaitudiaeo,·
1168 2175 1264 2243 quippe
1280 2174 1362 2227 Pam·

308 2266 399 2334 philus
421 2267 595 2322 commotiore
618 2266 708 2319 animo
730 2269 800 2320 totns
826 2273 867 2320 cot
892 2266 920 2320 in
942 2270 1022 2322 rebm
1039 2266 1152 2322 miseris.
1187 2267 1274 2322 Rutil.
1292 2267 1361 2333 Lup.

306 2355 508 2426 11,8.p.112.
529 2359 647 2426 Quaeret
664 2376 683 2411 a
704 2375 762 2422 rae,
779 2375 830 2426 qao
852 2360 908 2412 iare
930 2360 1045 2412 attinere
1061 2358 1205 2426 poesim,
1232 2375 1282 2426 aaa
1303 2358 1362 2410 iure

307 2439 375 2500 mili
392 2447 538 2516 Polyaenus
554 2450 623 2502 reli
629 2450 688 2518 oui
694 2455 727 2515 1,ι
737 2457 847 2518 praetor
863 2450 929 2503 ded
935 2452 946 2503 i
951 2457 963 2503 t
977 2446 1187 2519 pooreeeioaem?
1203 2447 1250 2520 ubi
1269 2452 1363 2498 orator
1388 2452 1398 2474 t

306 2538 413 2592 fervere
445 2538 572 2592 orationis
600 2539 726 2608 abreptae
755 2542 840 2594 oolam
867 2557 977 2594 canorae
1002 2541 1134 2596 notionem
1157 2543 1185 2590 et
1199 2537 1250 2590 ¹iao
1274 2537 1361 2590 effert.

307 2629 425 2684 Omnino
447 2647 501 2686 non
522 2630 684 2700 negligendo
706 2638 766 2685 eunt
791 2649 860 2700 quoa
882 2632 965 2686 Otto
991 2632 1057 2686 acite
1082 2629 1186 2684 monuit
1203 2631 1237 2682 ad
1254 2629 1310 2681 Cic.
1330 2629 1363 2681 de

306 2721 384 2775 Fine.
401 2721 435 2787 11,
454 2721 498 2789 to,
516 2721 561 2774 61.
587 2723 660 2776 Nam
683 2725 712 2777 P.
734 2725 828 2776 lleciae
852 2741 949 2794 qoam
974 2739 1013 2775 ee
1038 2723 1231 2776 deoaeeret
1249 2729 1279 2774 ct
1297 2739 1362 2790 equa
1427 2747 1431 2758 ¹

222 2857 224 2862 ,
307 2813 421 2866 comaco
434 2813 463 2864 ia
477 2815 591 2867 mediam
605 2817 690 2868 aciem
704 2815 861 2869 Latinorum
879 2814 1055 2878 irruebat,
1073 2813 1175 2884 aliquid
1190 2815 1223 2866 de
1238 2815 1362 2881 colante

307 2903 379 2982 tilae
396 2903 451 2955 caio
466 2905 624 2974 cogitabat?
657 2907 699 2958 Ad
716 2924 795 2974 quem
813 2907 920 2972 locum,
945 2911 1034 2958 aootm
1052 2922 1105 2956 uon
1121 2920 1229 2971 parem,
1247 2909 1363 2957 atcerte

306 2993 437 3064 similem,
456 2995 504 3048 ille
520 2996 552 3052 V.
573 2997 621 3049 D.=
646 2998 729 3050 Posse
746 2999 864 3052 diversos
881 2987 989 3061 modos,
1011 2995 1111 3064 inquil,
1134 3012 1182 3062 por
1198 2995 1363 3062 copulativae

307 3085 451 3153 particulae
468 3085 608 3157 coniungi,
627 3093 655 3140 et
672 3089 868 3159 comengeadoe
886 3105 957 3156 eoae,
975 3083 1008 3140 εἴ
1021 3081 1157 3155 utriunque
1180 3086 1253 3138 modi
1273 3103 1363 3140 oeneus

308 3177 496 3244 caldicotam,
513 3177 642 3247 exemplis
658 3180 752 3232 multis
769 3179 857 3233 docuit
874 3179 1035 3232 Ramshora.
1053 3198 1080 3247 p.
1097 3177 1178 3246 691,
1206 3177 1252 3245 qui
1269 3179 1362 3232 adum·

307 3263 414 3323 hrotam
431 3275 532 3324 tantum
550 3271 631 3324 huius
647 3271 776 3325 orationis
792 3269 1010 3324 conformationis
1026 3269 1172 3340 imaginem
1191 3269 1279 3336 dedit,
1294 3287 1363 3338 quoe

179 3421 182 3433 .
308 3377 388 3428 quam
409 3362 463 3414 late
481 3365 588 3428 pateat,
615 3360 670 3414 alio
695 3363 755 3419 loco
773 3363 874 3415 docebo
889 3360 1016 3429 exemptio
1034 3362 1069 3414 ab
1083 3361 1146 3430 ipae
1163 3361 1290 3414 cicerone
1308 3363 1362 3416 lar·

201 3476 206 3485 ’
308 3451 378 3522 giter
401 3452 501 3520 positio.
537 3453 622 3506 Recte
643 3449 715 3505 hanc
737 3452 973 3506 conformationem
990 3452 1088 3505 dixeri·
1105 3455 1250 3506 matiamm
1269 3455 1363 3511 caria-

212 3577 222 3600 0
308 3549 381 3609 tam,
407 3539 478 3613 qnod
499 3557 600 3596 novam
626 3549 706 3612 caput
731 3561 822 3598 rerum
843 3525 1082 3614 grammaticarum
1100 3544 1249 3634 addendum
1267 3543 1363 3597 aritia

306 3637 471 3700 postremum
489 3648 506 3686 o
522 3635 709 3704 grammatici·
730 3636 826 3689 uostris
842 3635 962 3706 syntaxi,
985 3651 1037 3687 non
1060 3633 1151 3688 tameo
1173 3642 1287 3688 ornatae
1310 3632 1362 3699 illi,

307 3722 354 3776 eod
368 3723 518 3790 communi,
536 3725 679 3793 quio'haec
691 3727 777 3780 aratio
792 3733 831 3782 eet
841 3725 986 3795 naturalis,
1007 3743 1060 3795 qua
1073 3727 1096 3778 ei
1109 3744 1161 3778 non
1174 3728 1287 3790 utimur,
1304 3725 1363 3778 ubi

308 3812 416 3866 adeat
440 3832 535 3880 aeuo,
559 3819 630 3869 male
647 3817 744 3872 Latino
760 3819 903 3872 renitimur.
928 3845 963 3860 -
985 3818 1040 3873 Pro
1056 3819 1233 3888 magistratus
1253 3816 1363 3885 plurimi

307 3901 385 3958 codd.
402 3902 493 3956 laeidd.
510 3911 717 3977 magiotrotum3
733 3928 828 3978 parum
844 3910 991 3963 commode.
1027 3909 1095 3963 Nam
1113 3908 1255 3962 Sallustius
1270 3913 1364 3978 aperto

307 4011 360 4046 aon
374 3995 406 4046 de
421 4001 731 4068 anamunereloquitur,
748 4003 794 4055 sed
810 4002 901 4054 omnia
914 4000 1106 4067 complectitur,
1124 4000 1152 4052 id
1165 4001 1235 4067 quod
1246 3999 1363 4053 maxime

307 4091 380 4152 patet
397 4103 430 4138 er
446 4088 535 4142 verbio
552 4092 645 4160 quitur
662 4094 829 4162 temporibus.
863 4091 995 4160 intelligit
1012 4097 1101 4143 autem
1119 4097 1303 4161 quaesturam,
1320 4089 1363 4143 ua

307 4183 427 4247 geatam,
451 4173 633 4246 tribunatum,
659 4189 687 4236 ot
707 4190 877 4252 praeturam,
900 4200 966 4250 queo
988 4181 1103 4236 honorae
1124 4199 1214 4235 omues
1238 4181 1362 4248 obtinuit,

307 4287 389 4338 quum
406 4271 463 4324 iam
480 4267 597 4341 reipubl.
615 4273 737 4326 &maio
753 4279 780 4326 et
797 4273 918 4341 Pompeii
935 4273 1114 4330 aemulatione
1130 4279 1158 4328 ct
1173 4273 1282 4330 occultis
1295 4273 1362 4326 odiio

307 4360 407 4431 agitari
428 4368 455 4416 et
476 4361 641 4416 commoveri
666 4367 763 4432 coepta
784 4368 849 4416 erat
874 4389 909 4404 -
943 4363 1038 4419 Poetae
1060 4364 1129 4436 aulae
1152 4379 1256 4437 genera
1278 4363 1362 4416 tani-
1395 4374 1401 4384 ’“
1491 4413 1493 4422 Α
